1871 3178
502 100 624 142 LIB.
660 103 826 146 XXVI.
874 105 1017 148 (JAP.
1053 113 1116 149 21.

120 185 250 226 mixta
269 201 320 227 ex
343 189 454 228 omni
476 205 627 243 genere
651 192 865 234 hominum
887 196 1148 239 absumebat:
1185 210 1228 240 ut
1250 203 1352 242 arcis
1374 219 1490 258 prae·
1510 217 1549 248 11‘.
1567 219 1604 249 (¹.
1627 229 1696 257 54¹-

117 241 268 283 sidium
296 245 419 285 etiam
448 247 535 288 sino
566 249 739 299 invecto,
763 252 858 306 quia
879 254 998 307 pauci
1025 265 1153 304 erant,
1176 272 1227 297 ex
1256 268 1350 299 antc
1374 277 1488 316 prae-
1505 261 1540 290 Α·
1566 262 1602 291 (J.
1630 272 1695 293 ²¹¹·

117 308 258 354 parato
280 305 496 344 sustentari
526 316 683 360 possct3
717 308 953 349 Tarentinis
981 310 1180 367 classique
1202 329 1254 355 ne
1278 316 1485 360 invectum

115 356 286 410 quidem
314 360 528 402 sulliccret.
592 363 779 405 Tandem
814 367 965 407 maiore
992 369 1133 421 gratia,
1157 386 1281 426 quam
1304 386 1484 425 venerat,

85 427 100 447 ²
115 412 252 454 elassis
268 415 431 458 dimissa
450 428 521 459 est.
586 420 768 462 Annona
788 422 898 463 haud
917 425 1092 466 multum
1111 427 1338 470 laxaverat:
1374 433 1484 487 quia,

112 481 271 512 remoto
290 474 493 515 maritimo
511 478 725 531 pracsidio,
741 480 911 520 subvehi
931 482 1182 525 frumentum
1201 501 1282 527 non
1302 498 1473 543 poterat.

171 527 368 571 Eiusdem
386 534 549 573 aestatis
569 535 696 583 exitu,
716 535 775 576 M.
794 536 1017 579 Marcellus
1038 556 1090 581 cx
1115 542 1253 584 Sicilia
1274 547 1485 600 provincia
1560 555 1624 593 21.

111 599 241 639 quum
267 588 317 627 ad
347 590 487 629 urbem
511 592 698 641 venisset,
721 608 744 633 a
774 592 822 634 C.
843 595 1072 651 Calpurnio
1103 609 1289 654 praetore
1317 614 1483 645 senatus
1497 609 1670 641 Marcellus

1415 119 1493 155 305

1495 663 1591 682 ovans
1607 665 1654 683 111·-

110 642 148 682 ei
173 643 226 684 ad
254 644 396 685 aedem
428 645 622 688 Bellonae
652 649 770 690 (latus
792 660 862 692 est.

108 701 232 754 gestis
263 701 528 752 disseruisset,
558 716 726 760 questus
757 708 904 750 leniter
932 726 1015 751 non
1046 728 1160 754 suam
1193 717 1332 771 magis,

77 771 94 800 3
109 756 299 807 militum,

926 652 989 693 Ibi
1011 670 1140 710 quum
1173 657 1224 697 de
1247 660 1368 701 rebus
1396 677 1419 702 a
1439 678 1480 703 sc

1355 734 1480 773 quam

315 760 458 808 vicem,
470 763 582 816 quod
596 764 806 818 provincia
819 768 1006 809 confecta
1019 771 1247 812 exereitum
1262 774 1478 830 deportare

107 828 189 854 non
212 814 403 865 licuisset,
422 819 652 872 postulavit,
673 834 717 862 ut
739 823 1011 880 triumphanti
1034 828 1177 869 urbem
1201 830 1303 871 inire
1321 831 1474 875 liceret.

106 868 157 910 Id
178 886 261 911 non
279 872 521 928 impetravit.

587 878 729 925 Quum
747 881 886 921 multis
899 883 1033 923 verbis
1051 894 1188 926 actum
1203 898 1322 938 esset,
1338 900 1475 933 utrum

104 927 240 968 minus
270 932 519 981 conveniret,
542 934 657 975 cuius
688 938 855 979 nomine
888 940 1078 991 absentis,
1106 944 1158 984 ob
1189 959 1251 985 res
1282 961 1474 1004 prospere

103 982 232 1025 ductu
252 987 340 1027 eius
367 998 512 1043 gestas,
536 992 781 1047 supplicatio
803 995 970 1037 decreta
990 998 1107 1047 foret,
1131 1010 1172 1041 et
1202 1002 1280 1043 diis
1308 1005 1474 1046 immor-

102 1040 250 1083 talibus
278 1043 441 1086 habitus
462 1046 605 1097 honos,
628 1050 665 1090 ei
687 1054 892 1106 praesenti
921 1070 1070 1109 negare
1094 1058 1372 1114 triumphum:
1406 1078 1471 1113 an,

68 1111 226 1153 4quem
262 1102 421 1143 tradere
455 1106 682 1147 exercitum
719 1111 939 1151 successori
976 1112 1197 1164 iussissent,
1233 1119 1358 1171 quod,
1394 1121 1471 1161 nisi

98 1167 292 1198 manente
325 1159 366 1199 in
398 1162 607 1215 provincia
637 1164 757 1214 bello,

781 1181 864 1206 non
895 1168 1198 1221 decerneretur,
1228 1188 1322 1214 cum
1355 1178 1471 1232 quasi

98 1211 303 1254 debellato
335 1216 600 1272 triumphare,
627 1236 756 1275 quum
788 1225 1005 1274 exereitus,
1036 1229 1148 1268 testis
1180 1231 1315 1272 meriti
1345 1243 1469 1289 atque

97 1268 292 1311 immeriti
313 1273 522 1329 triumphi,
541 1277 722 1325 abesset3
757 1281 939 1322 medium
957 1283 1101 1333 visum,
1121 1295 1166 1326 ut
1187 1302 1311 1329 ovans
1325 1292 1469 1333 urbem

95 1336 230 1368 umet.

64 1390 82 1422 5
96 1383 294 1435 tulerunt,
317 1396 363 1427 ut
391 1387 451 1428 M.
473 1388 684 1441 Marcello,

63 1446 83 1478 6
94 1441 255 1495 perium
269 1453 385 1485 esset.

293 1329 469 1371 Tribuni
498 1332 628 1387 plebis
657 1350 707 1375 ex
729 1339 970 1380 auctoritate
996 1351 1161 1383 senatus
1192 1344 1243 1384 ad

1267 1348 1468 1409 populum

707 1408 790 1448 quo
818 1395 884 1436 die
908 1398 1050 1438 urbem
1079 1415 1203 1441 ovans
1234 1413 1367 1451 iniret,
1391 1406 1468 1446 im-

447 1445 599 1497 Pridie,
617 1464 741 1503 quam
760 1452 902 1493 urbem
926 1454 1058 1504 iniret,
1082 1456 1124 1496 in
1142 1468 1280 1499 monte
1301 1461 1464 1504 Albano

94 1497 383 1554 triumphavit:
418 1502 513 1544 inde
528 1520 652 1546 ovans
674 1507 843 1548 multam
864 1525 961 1565 prae
983 1526 1025 1552 se
1040 1514 1234 1568 praedam
1255 1517 1297 1557 in
1320 1520 1462 1561 urbem

64 1553 241 1596 7intulit.
306 1558 415 1599 Cum
437 1560 652 1603 simulacro
674 1574 884 1620 captarum
909 1567 1213 1623 Syracusarum,
1231 1576 1462 1631 catapultae

91 1611 370 1669 ballistaeque,
393 1624 434 1656 et
463 1617 542 1658 alia
569 1620 708 1661 omnia
737 1622 1011 1666 instrumenta
1035 1627 1132 1668 belli
1163 1629 1256 1679 lata,
1280 1641 1321 1673 et
1351 1636 1462 1689 pacis

90 1667 308 1712 diuturnae
328 1673 548 1730 regiaeque
566 1676 800 1731 opulentiae
822 1693 1074 1733 ornamenta,

1093 1688 1253 1742 argenti
1273 1691 1460 1747 aerisque

88 1724 299 1769 fabrefacti
330 1729 401 1779 vis,
433 1731 512 1772 alia
551 1733 764 1800 supellex&
783 1739 1043 1795 pretiosaque
1081 1745 1216 1794 vestis,
1249 1755 1291 1787 et
1331 1749 1461 1790 multa

86 1782 241 1824 nobilia
259 1785 388 1841 signa,
406 1789 556 1843 quibus
576 1799 685 1832 mter
704 1807 855 1848 primas

85 1849 252 1882 ornatae
282 1842 454 1886 fuerant.

83 1895 199 1938 ducti
226 1898 447 1955 elephanti.

125 2039 142 2060 2
165 2032 306 2064 Dimissa
320 2039 374 2065 est.
411 2037 570 2075 Annona]
604 2039 744 2070 Dimissa

82 2082 243 2104 annonam
259 2075 398 2108 Gronov.
418 2079 586 2118 legendum
605 2081 743 2120 suspica-

82 2117 143 2145 tur.

124 2165 142 2195 3
164 2158 337 2190 Provincia
362 2165 521 2202 confecta]
560 2164 744 2202 Debellato,

80 2199 242 2237 provincia
257 2202 385 2233 omnino
408 2205 440 2234 in
461 2206 613 2236 ditionem
630 2208 741 2247 populi

80 2240 220 2271 Romani
237 2244 373 2275 redacta.
397 2247 501 2278 ΟΜΝ.

121 2294 141 2321 4
155 2285 347 2324 Successori]
363 2287 529 2319 Successor
537 2290 597 2320 fuit
608 2292 654 2322 M.
663 2293 737 2324 Cor-

78 2325 182 2355 nelius
213 2327 381 2366 Cethegus.
425 2330 454 2360 V
458 2331 499 2361 id.
529 2332 670 2365 Perizon.
697 2336 737 2365 ad

78 2376 151 2399 xxv.
170 2378 219 2406 41·
245 2369 340 2400 Dus.

120 2418 137 2449 5
154 2412 328 2449 Imperium
344 2414 438 2451 esset]
459 2414 486 2444 A
497 2418 737 2453 proconsulibus

77 2454 108 2481 et
124 2454 388 2491 propraetoribus
405 2461 437 2485 ut
454 2457 507 2494 qui
528 2458 559 2487 in
584 2460 659 2489 urbe
681 2460 737 2491 im-

76 2494 199 2532 perium
232 2505 295 2525 non
327 2497 490 2535 haberent,
520 2499 544 2529 si
575 2501 737 2539 Sigonium

74 2536 253 2573 audiamuS,
288 2539 388 2577 legem
425 2540 464 2570 de
501 2541 644 2580 imperio,
674 2555 736 2583 quo

74 2578 173 2617 magis
201 2579 435 2619 triumphantes
465 2584 574 2613 urbem
610 2584 735 2623 inirent,

73 2620 199 2660 saepius
225 2621 322 2652 latam
349 2624 532 2662 reperimus,
558 2627 612 2656 sed
639 2628 734 2659 aliam

72 2662 141 2693 eius
162 2663 206 2694 rei
230 2673 356 2695 causam
377 2666 472 2697 fuisse
489 2667 649 2699 Gruchius
664 2681 734 2701 cen-

72 2708 128 2735 set.

114 2745 134 2777 6
155 2749 198 2778 In
213 2753 315 2780 monte
329 2751 470 2789 Albano]
504 2752 578 2783 Hoc
600 2753 667 2784 sine
689 2765 734 2785 se-

72 2791 311 2821 natusconsulto
357 2792 544 2825 factitabant
587 2798 733 2828 nonnulli

71 2829 286 2870 imperatores,
317 2835 431 2874 quibus
465 2837 733 2877 triumphantibus

128 2885 223 2914 VOL.
248 2888 290 2916 11.

875 1795 1076 1840 Graeciae
1098 1802 1218 1842 urbes
1234 1802 1458 1860 Syracusae

516 1847 700 1890 Punicae
732 1865 899 1907 quoque
930 1855 1124 1898 victoriae
1155 1859 1333 1915 signum,
1365 1872 1457 1905 octo

510 1904 566 1945 Et
593 1920 677 1946 non
705 1908 924 1951 minimum
944 1912 1023 1954 suit
1047 1917 1328 1970 spectaculum
1361 1935 1455 1962 cum

788 2040 866 2072 inire
881 2044 991 2073 urbem
1008 2055 1070 2075 non
1087 2056 1270 2078 concessum
1284 2049 1352 2080 fuit.
1386 2052 1452 2087 Qui

789 2094 860 2114 vero
876 2085 907 2115 in
924 2090 1031 2117 monte
1045 2088 1170 2118 Albano
1185 2090 1381 2130 triumphum
1395 2095 1451 2124 du-

788 2127 912 2164 cebant,
935 2128 959 2157 si
988 2129 1165 2159 Niebuhrio
1189 2131 1219 2161 ii.
1246 2143 1276 2163 n.
1301 2133 1350 2164 68.
1372 2136 1451 2166 fides

787 2168 891 2199 (landa
923 2174 980 2207 est,
1006 2182 1069 2201 non
1101 2172 1172 2202 ideo
1198 2174 1448 2215 triumphabant,

785 2212 869 2249 quod
892 2212 1016 2243 Romae
1042 2215 1259 2253 magistratum
1287 2221 1448 2259 gerebant,

784 2254 839 2283 sed
865 2256 950 2293 quod
966 2257 1100 2287 Latinas
1121 2259 1259 2290 cohortes
1281 2262 1446 2299 ducebant,

784 2299 814 2324 et
831 2297 915 2334 quod
932 2298 1008 2328 urbe
1024 2300 1135 2329 remoti
1159 2300 1292 2340 imperio
1313 2314 1369 2333 suo
1385 2306 1444 2335 tuti

781 2344 879 2368 erant.
926 2340 1021 2370 Hanc
1047 2341 1274 2381 triumphandi
1290 2347 1443 2378 rationem

781 2379 835 2409 diu
865 2380 1075 2412 intermissam
1107 2385 1144 2414 C.
1174 2385 1320 2424 Papirius
1350 2389 1443 2419 Maso

780 2431 853 2452 ann.
872 2432 941 2461 521.
960 2424 1002 2454 U.
1016 2425 1053 2455 C.
1070 2428 1239 2463 revocavit,
1255 2429 1308 2467 qui
1327 2430 1443 2461 criticis

781 2464 853 2493 aliis
875 2470 985 2495 auctor
1008 2467 1101 2497 huius
1123 2470 1262 2508 exempli
1286 2472 1443 2504 exstitisse

783 2505 866 2535 visus
880 2511 936 2537 est.
967 2509 1006 2539 cf.
1019 2509 1102 2540 Plin.
1117 2510 1161 2540 H.
1174 2511 1217 2541 N.
1229 2522 1279 2543 xv.
1294 2514 1341 2552 38.
1368 2515 1441 2547 Val.

782 2546 870 2577 Max.
888 2548 930 2579 iii.
946 2549 974 2580 6.
993 2558 1021 2589 5.

824 2596 839 2627 7
863 2590 1054 2630 Catapulta&
1069 2593 1289 2636 ballistaeque]
1316 2598 1439 2629 Machi-

778 2640 890 2662 narum
913 2638 944 2663 et
966 2634 1101 2664 telorum
1125 2637 1166 2666 ad
1189 2641 1441 2678 oppugnationes

778 2673 902 2703 urbium
919 2675 1083 2714 singularis
1101 2680 1222 2717 generis
1242 2681 1437 2714 inventorem

778 2715 872 2746 fuisse
900 2717 1090 2757 Dionysium
1117 2725 1285 2759 tyrannum
1312 2725 1439 2757 Siciliae

777 2757 883 2787 scribit
900 2759 996 2790 Diod.
1014 2761 1075 2792 Sic.
1089 2763 1150 2794 xiv.
1165 2774 1195 2802 p.
1209 2764 1277 2806 269.
1312 2768 1437 2799 Harum

777 2800 984 2838 perfectorem
1009 2803 1104 2834 fuisse
1129 2806 1352 2840 Archimedem
1383 2813 1436 2842 ad-

777 2843 907 2874 modum
924 2844 1090 2877 verisimile
1107 2852 1162 2879 est.

1181 2904 1208 2930 X

1495 695 1565 725 hem
1583 696 1650 727 init.
