1877 3178
128 194 173 225 U.
190 193 228 224 C.
252 199 325 232 537.

128 237 168 268 A.
192 236 230 266 C.
253 243 324 275 ²15·

192 423 260 460 48.

337 98 415 137 172
850 89 997 132 TITI
1035 86 1211 130 LIVII

336 183 539 225 adiiciunt
570 182 740 238 quidam
776 182 970 223 annales:
1009 195 1140 235 quum
1176 178 1451 232 refugientem
1486 177 1540 217 ad
1572 176 1717 217 urbem

337 242 545 283 Tauream
569 239 772 281 Claudius
800 247 1057 294 sequeretur,
1083 236 1242 292 patenti
1275 234 1458 275 hostium
1485 241 1626 289 portae
1654 233 1719 273 in-

335 307 514 347 vectum,
537 312 611 352 per
641 297 824 345 alteram,
851 295 1113 350 stupentibus
1141 291 1340 333 miraculo
1367 291 1566 340 hostibus,
1589 291 1720 330 intac-

337 365 426 396 tum
447 355 632 395 evasisse.

400 412 556 460 Quieta
586 410 684 450 inde
716 410 862 450 stativa
891 408 1019 456 fuere,
1049 422 1095 447 ac
1123 415 1233 447 retro
1261 405 1385 445 etiam
1417 404 1561 444 consul
1591 403 1721 444 movit

339 477 482 518 castra,
512 476 559 508 ut
589 475 819 507 sementem
850 465 1056 520 Campani
1081 464 1287 503 facerent:
1321 476 1399 501 nec
1427 469 1522 501 ante
1554 460 1721 501 violavit

339 541 484 581 agrum
523 524 800 579 Campanum,
833 537 959 577 quam
990 522 1070 561 iam
1107 520 1211 560 altae
1249 519 1293 558 111
1325 518 1534 573 segetibus
1569 517 1720 557 herbae

338 582 537 638 pabulum
578 581 775 636 praebere
811 587 1015 635 poterant.
1078 577 1128 617 Id
1168 575 1363 616 convexit
1402 575 1446 614 in
1490 573 1724 615 Claudiana

339 648 471 680 castra
502 653 626 693 super
664 636 924 683 Suessulan13
967 635 1107 689 ibique
1141 633 1317 673 hiberna
1352 631 1595 672 aedificavit.
1658 630 1720 670 M.

341 695 523 737 Claudio
552 693 789 750 proconsuli
814 693 1044 748 imperavit,
1077 699 1135 739 ut,
1167 699 1329 730 retento
1364 688 1499 728 Nolae
1536 702 1724 727 neeessa-

339 753 400 793 rio
422 752 475 793 ad
496 751 695 792 tuendam
724 751 870 790 urbem
898 748 1116 804 praesidio,
1139 756 1297 788 ceteros
1322 745 1474 785 milites
1495 744 1726 784 dimitteret

341 809 535 858 Romam,
558 824 610 848 nc
633 808 746 848 oneri
770 806 902 855 sociis,
921 814 963 846 et
983 804 1168 860 sumptui
1189 803 1440 859 reipublicae
1459 811 1606 842 essent.
1670 800 1727 842 Et

340 866 379 906 T
382 867 406 906 i.
426 865 642 906 Gracchus
662 880 686 904 a
705 863 852 904 Cumis
869 863 1089 903 Luceriam
1111 862 1154 901 in
1172 860 1373 915 Apuliam
1394 859 1578 914 legiones
1595 873 1726 913 quum

313 953 317 957 «
341 923 540 971 duxisset,
565 922 626 962 M.
643 920 859 961 Valerium
880 919 977 959 inde
1000 927 1232 974 praetorem
1250 916 1522 957 Brundisium
1543 930 1640 955 cum
1661 930 1724 963 eo,

134 1160 261 1190 Literae
275 1170 314 1190 ex

135 1202 305 1242 Hispania.

138 1843 301 1872 Romano-

136 1894 207 1914 rum
218 1884 337 1923 inopia.

341 995 467 1034 quem
505 978 708 1018 Luceriae
745 978 957 1024 habuerat,
995 975 1181 1016 exercitu
1217 974 1339 1021 misit,
1378 973 1569 1027 tuerique
1611 986 1726 1011 oram

341 1037 429 1089 agri
454 1035 685 1083 Sallentini,
704 1043 746 1074 et
766 1033 996 1089 providere,
1015 1031 1129 1087 quod
1150 1031 1203 1071 ad
1220 1030 1464 1086 Philippum
1484 1028 1726 1084 bellumque

343 1092 668 1132 Blacedonicum
690 1091 896 1137 attineret,
920 1089 1048 1129 iussit.

402 1148 532 1189 Exitu
554 1147 718 1188 aestatis
739 1147 841 1194 01115,
865 1161 947 1200 qua
972 1146 1074 1185 hace
1098 1153 1213 1199 gesta
1236 1144 1561 1199 perscripsinmS,
1583 1143 1726 1183 literae

342 1222 366 1246 a
392 1206 439 1246 P.
465 1214 507 1245 et
538 1204 617 1244 Cn.
649 1203 912 1257 Scipionibus
940 1210 1158 1250 venerunt,
1181 1210 1369 1256 quantas,
1393 1214 1603 1254 quamque
1634 1215 1726 1254 pro-

341 1277 479 1318 speras
501 1262 544 1301 in
570 1260 773 1315 Hispania
793 1274 857 1299 res
877 1259 1122 1314 gessissent:
1157 1257 1230 1298 sed
1258 1257 1477 1312 pecuniam
1504 1256 1547 1295 in
1573 1256 1729 1311 stipen-

342 1320 473 1368 dium,
495 1318 839 1371 vestimentaque,
863 1325 905 1357 et
925 1316 1181 1356 frumentum
1206 1314 1422 1362 exercitui,
1445 1322 1487 1353 et
1512 1312 1632 1353 sociis
1657 1328 1730 1353 na—

342 1376 501 1417 valibus
537 1375 676 1415 omnia
710 1374 865 1414 deesse.
931 1372 1060 1420 Quod
1093 1372 1145 1412 ad
1180 1371 1436 1425 stipendium
1472 1370 1659 1418 attineat,
1696 1369 1730 1410 si

343 1433 546 1473 aerarium
580 1432 699 1485 inops
732 1438 851 1478 esset,
885 1445 927 1470 se
964 1429 1146 1484 aliquam
1181 1428 1384 1468 rationem
1421 1426 1608 1475 inituros,
1645 1441 1730 1481 quo

344 1489 469 1530 modo
502 1489 553 1528 ab
583 1487 782 1542 Hispanis
814 1496 1004 1526 sumant:
1039 1494 1176 1526 cetera
1207 1485 1352 1539 utique
1386 1485 1437 1524 ab
1467 1483 1604 1523 Roma
1636 1483 1731 1522 mit-

345 1546 472 1587 tenda
488 1560 599 1585 esse:
624 1560 701 1584 nee
719 1543 837 1584 aliter
853 1551 924 1583 aut
940 1542 1169 1583 exercitum
1192 1550 1263 1582 aut
1284 1540 1540 1596 provinciam
1560 1539 1731 1580 retineri

344 1618 475 1659 posse.
539 1601 691 1641 Litoris
722 1600 915 1648 recitatis,
939 1614 1063 1639 nemo
1091 1599 1279 1639 omnium
1307 1607 1407 1646 erat,
1430 1598 1545 1652 quin,
1569 1606 1610 1637 et
1634 1612 1732 1637 vcra

345 1660 480 1708 scribi,
503 1668 545 1699 et
565 1657 766 1713 postulari
787 1672 932 1711 aequa,
954 1656 1174 1696 fateretur:
1210 1655 1282 1694 sed
1304 1655 1545 1694 occurrebat
1569 1654 1730 1703 animis,

345 1724 523 1772 quantos
559 1714 766 1755 exercitus
803 1722 1013 1754 terrestres
1049 1711 1297 1765 navalesque
1334 1719 1562 1760 tuerentur,
1600 1726 1732 1764 quan-

346 1782 471 1828 taque
508 1787 614 1812 nova
649 1770 786 1811 elassis
821 1784 920 1810 mox
955 1768 1138 1824 paranda
1173 1776 1291 1816 essct,
1326 1768 1358 1807 si
1394 1767 1549 1807 bellum
1587 1766 1732 1806 Mace-

347 1830 545 1870 donicum
582 1836 827 1868 moveretur.
894 1826 1077 1867 Siciliam
1113 1840 1159 1865 ae
1204 1824 1451 1872 Sardiniam,
1489 1839 1594 1879 quae
1636 1832 1761 1863 ante2

348 1886 503 1928 bellum
534 1884 755 1939 vectigales
785 1883 970 1931 fuissent,
993 1882 1062 1922 vix
1089 1881 1298 1937 praesides
1324 1881 1629 1935 provinciarum
1659 1895 1732 1920 ex-

347 1944 500 1984 ercitus
533 1942 665 1982 alere:
705 1941 859 1981 tributo
892 1948 1080 1994 sumptus
1112 1938 1393 1993 suppeditari:
1432 1952 1563 1992 quum
1596 1937 1763 1993 ipsumss

348 2001 550 2041 tributum
582 1997 885 2038 conferentium
922 2011 1144 2036 numerum
1181 1995 1304 2035 tantis
1340 1994 1598 2035 exercituum
1632 2002 1734 2034 stra-

347 2058 480 2112 gibus,
523 2065 565 2096 et
605 2055 658 2095 ad
694 2054 985 2095 Trasimenum
1027 2053 1176 2101 lacum,
1211 2060 1253 2092 et
1293 2051 1345 2091 ad
1382 2050 1562 2099 Cannas,
1596 2050 1734 2090 immi-

347 2123 524 2161 nutum;
564 2121 666 2161 tum,
701 2111 774 2166 qui
809 2118 1072 2165 superessent
1102 2108 1235 2164 pauci,
1269 2109 1302 2148 si
1339 2107 1559 2162 multiplici
1590 2122 1734 2162 grava-

348 2179 493 2210 rentur
532 2168 753 2223 stipendio,
790 2167 872 2208 alia
905 2167 1109 2221 perituros
1148 2174 1275 2219 peste.
1337 2164 1499 2218 Itaque,
1536 2163 1615 2203 nisi
1650 2163 1765 2208 fide4

349 2234 475 2266 staret
508 2224 755 2279 respublica,
784 2224 932 2278 opibus
968 2237 1052 2262 non
1085 2230 1293 2261 staturam.
1356 2219 1658 2260 Prodeundum
1689 2220 1734 2260 in

350 2282 594 2323 concionem
636 2280 781 2320 Fulvio
821 2278 1001 2334 praetori
1042 2293 1142 2326 esse,
1181 2277 1422 2317 indicandas
1463 2276 1617 2331 populo
1656 2292 1734 2332 pu-

349 2340 476 2381 blicas
502 2337 779 2385 necessitates,
802 2335 1174 2389 cohortandosque,
1199 2334 1271 2389 qui
1298 2333 1575 2389 redempturis
1596 2333 1764 2376 anxis-5

352 2444 414 2476 cet,
430 2443 525 2478 prout
541 2438 655 2477 cuique
676 2438 792 2476 placet.
823 2436 861 2466 cf.
879 2446 963 2475 supr.
980 2436 1020 2465 iv.
1067 2435 1216 2469 Tributo,
1237 2435 1321 2473 quod
1346 2434 1430 2464 cives
1454 2434 1594 2464 Romani
1616 2438 1647 2464 et
1670 2435 1733 2464 Ita-

354 2492 403 2513 ρο.
428 2483 567 2512 S‘rno'rn.
913 2484 919 2489 ·
1067 2477 1120 2507 lici
1136 2478 1353 2513 conferebant,
1363 2476 1533 2516 pecuniam
1545 2476 1577 2506 in
1589 2480 1736 2515 sumptus

402 2534 418 2553 2
449 2526 538 2560 Quae
576 2527 650 2553 [mle
686 2522 800 2552 bellum
837 2521 1020 2559 zaectz'yales]
1067 2519 1276 2558 suppeditari.

355 2567 450 2600 Quae
466 2565 661 2604 reipublicae
675 2564 812 2602 vecti-qul
828 2563 1021 2601 pendebant,
1108 2573 1127 2599 4
1146 2563 1220 2591 Nisi
1228 2562 1297 2600 fide
1311 2565 1410 2591 staret
1425 2561 1621 2599 respublica]
1639 2561 1734 2590 Fides

354 2607 473 2645 quippe
496 2607 528 2636 in
552 2616 629 2636 voce
649 2606 829 2645 provincia,
845 2604 869 2634 si
887 2604 1021 2634 Niebhr.
1066 2604 1117 2633 hic
1132 2613 1187 2642 pro
1199 2613 1247 2639 eo,
1257 2603 1342 2641 quod
1354 2602 1489 2641 Anglice
1499 2603 1599 2633 credit
1609 2601 1733 2631 dicitur.

355 2648 397 2678 R.
414 2649 532 2678 Gesch.
556 2648 599 2678 iii.
622 2658 652 2686 p.
677 2654 746 2686 727.
767 2646 946 2677 audiendus
970 2646 1022 2683 sit,
1067 2645 1139 2675 Nisi
1153 2648 1383 2675 sustentaretur
1396 2644 1576 2683 respublica
1591 2642 1735 2682 pecuniis

355 2699 415 2718 vox
431 2694 603 2726 proventus
620 2691 710 2726 latet,
726 2689 876 2727 quoniam
890 2689 1020 2727 provin·
1065 2687 1230 2722 mutuatis,
1247 2696 1381 2724 quarum
1401 2685 1516 2716 solutio
1538 2685 1571 2714 in
1594 2685 1731 2714 multum

354 2731 450 2760 ciales
468 2741 530 2759 non
551 2731 657 2766 armis,
672 2732 726 2760 sed
741 2735 899 2769 proventu
915 2740 1020 2760 neces·
1065 2732 1194 2768 tempus
1209 2729 1396 2758 differretur.

355 2771 500 2801 sitatibus
516 2771 709 2809 reipublicae
725 2772 964 2802 subveniebant.
1109 2781 1125 2809 5
1150 2771 1388 2808 Hedempturis]
1418 2770 1582 2799 Redime're
1598 2770 1645 2797 est
1661 2777 1733 2797 con-

399 2822 417 2852 3
441 2814 569 2843 Tributo
583 2818 728 2852 sumptus
742 2815 960 2852 suppeditari]
978 2823 1020 2844 sc.
1066 2813 1181 2843 «lucere
1207 2811 1329 2850 aliquid
1352 2811 1548 2846 faciendum,
1570 2809 1619 2839 vel
1645 2819 1732 2848 prae—
