1825 3173
287 103 369 139 -100

793 99 942 140 TITI
985 98 1163 140 LIVII

81 198 125 229 U.
142 199 180 229 C.
204 196 274 236 536·
289 194 300 212 ‘
317 196 519 238 mentum,
543 203 627 229 non
649 188 868 244 pecuniam
892 188 1074 229 habeat?
1128 188 1267 234 Quam
1289 187 1363 227 diu
1383 202 1457 242 pro
1481 186 1670 235 Geronii,
1685 196 1704 226 9

79 243 119 272 A.
144 242 182 272 C.
204 238 275 270 ²¹6·
291 251 301 269 ‘
318 245 475 287 castelli
498 245 678 301 Apuliae
710 246 858 301 inopis,
888 254 1086 300 tanquam
1117 259 1192 300 pro
1216 244 1483 299 Carthaginis
1513 244 1673 284 moeni-

149 1452 218 1488 40.

92 1569 199 1599 Paulli
216 1579 260 1599 re-

88 1621 252 1651 sponsum.

291 304 426 344 ‘husi'
489 302 573 343 Sed
607 318 660 343 ne
697 303 892 343 adversus
927 311 967 343 te
999 302 1169 357 quidem
1202 316 1279 355 ego
1309 301 1525 356 gloriabor.
1590 300 1671 341 Cn.

291 365 302 383 ‘
321 359 519 401 Servilius
551 368 676 415 atque
706 359 874 409 Atilius,
903 359 1083 415 proximi
1114 358 1316 407 0011511105,
1345 358 1440 398 vide
1473 358 1702 413 quemad-1

292 423 303 440 ‘
320 417 491 458 modum
514 432 610 458 eum
632 417 834 457 ludificati
856 417 949 457 sint.
1013 416 1131 456 Haec
1160 431 1243 455 una
1271 415 1411 455 salutis
1440 424 1501 455 est
1521 416 1599 464 via,
1623 415 1671 455 L.

292 480 303 497 ‘
319 474 478 523 Paullo,
497 489 623 529 quam
639 473 849 514 difficilem
871 474 1146 528 infestamque
1164 473 1273 513 cives
1294 472 1368 512 tibi
1391 472 1531 527 magis,
1550 487 1675 527 quam

293 531 472 581 ‘hostes,
505 531 670 571 facient.
732 530 853 571 Idem
888 530 1000 571 enim
1037 531 1110 579 tui,
1144 530 1258 585 quod
1293 529 1476 569 hostium
1511 529 1675 578 milites,

295 588 487 629 ‘volentz
531 588 643 629 idem
676 587 822 636 Varro,
856 587 999 628 consul
1038 587 1265 636 Romanus,
1301 586 1415 642 quod
1449 585 1675 634 Hannibal,

296 651 306 668 ‘
323 646 490 686 Poenus
512 646 747 700 imperator,
770 645 922 700 cupiet.
976 644 1155 684 Duobus
1176 644 1352 685 ducibus
1373 658 1481 683 unus
1501 643 1676 691 resistas,

295 707 307 725 ‘
323 711 511 758 oportet:
546 702 708 742 resistes
729 710 882 751 autem,
905 702 1098 742 adversus
1124 702 1276 741 famam
1304 715 1573 755 rumoresque
1602 700 1678 740 ho-

295 765 305 782 ‘
323 760 483 799 minum
512 759 545 799 si
573 759 669 799 satis
690 759 834 799 firmus
854 759 1039 799 steteris:
1073 759 1107 799 si
1135 767 1174 798 te
1202 774 1339 813 neque
1369 758 1552 813 collegae
1573 772 1680 798 vana

297 816 465 872 ‘gloria,
500 831 637 871 neque
672 824 743 856 tua
774 816 874 856 falsa
906 816 1076 856 infamia
1107 816 1292 855 moverit.
1355 815 1587 855 Veritatem
1620 813 1709 854 la-2

296 878 308 895 ‘
324 874 467 913 borare
499 873 622 913 nimis
653 888 787 928 saepe,
810 873 939 922 aiunt,
962 872 1171 926 exstingui
1198 887 1425 928 nunquam.
1491 871 1678 912 Gloriam
1693 886 1710 916 3

297 930 397 985 ‘qui
425 930 636 985 spreverit,
659 945 799 972 veram
832 930 1012 970 habebit.
1078 929 1189 978 Sine,
1213 930 1405 970 timidum
1436 944 1511 984 pro
1543 936 1679 977 cauto,

297 991 308 1010 ‘
325 987 488 1027 tardum
510 1001 585 1042 pro
606 987 879 1036 considerato,
902 986 1111 1027 imbellem
1140 1002 1215 1041 pro
1243 987 1376 1041 perito
1396 986 1496 1026 belli
1517 993 1677 1026 vocent.

298 1049 309 1066 ‘
326 1043 443 1083 Malo
466 1054 505 1084 te
527 1044 692 1098 sapiens
716 1044 843 1084 hostis
864 1052 1035 1092 metuat,
1059 1058 1184 1098 quam
1215 1043 1328 1083 stulti
1356 1044 1465 1084 cives
1492 1043 1677 1083 laudent.

297 1105 309 1123 ‘
327 1100 483 1141 Omnia
532 1100 757 1140 audentem
808 1108 1049 1140 contemnet
1099 1099 1313 1140 Hannibal
1334 1116 1344 1148 3
1405 1100 1465 1140 nil
1523 1109 1680 1140 temere

298 1161 517 1211 ‘agentem
545 1164 715 1196 metuet.
780 1156 872 1196 Nec
901 1171 991 1211 ego,
1014 1165 1061 1197 ut
1088 1156 1191 1196 nihil
1219 1164 1376 1211 agatur,
1399 1172 1577 1205 1110110ος
1609 1156 1682 1197 sed

298 1217 372 1253 ‘ut
400 1221 593 1268 agentem
625 1222 664 1253 tc
698 1213 803 1253 ratio
832 1213 970 1261 ducat,
1000 1228 1085 1253 non
1118 1213 1307 1253 fortuna:
1343 1223 1436 1253 tuae
1470 1213 1714 1268 potestatis4

297 1275 309 1293 ⁶
324 1285 500 1325 semper,
538 1278 692 1325 tuaque
734 1270 874 1310 omnia
914 1270 1006 1310 sint.
1069 1270 1265 1310 Armatus
1305 1270 1575 1325 intentusque
1616 1270 1682 1319 sis,

298 1332 310 1350 ⁶
325 1342 462 1381 neque
485 1327 691 1367 occasioni
718 1336 811 1367 tuae
834 1327 954 1375 desis,
978 1342 1116 1382 neque
1144 1342 1259 1367 suam
1288 1328 1546 1368 occasionem
1574 1326 1683 1367 hosti

299 1384 409 1423 ‘des
475 1383 631 1424 Omnia
663 1399 747 1424 non
780 1384 1019 1439 properanti
1053 1384 1162 1424 clara
1194 1395 1389 1440 certaque
1423 1392 1570 1425 erunt:
1604 1384 1684 1424 fes-

299 1446 310 1463 ‘
328 1440 474 1480 tinatio
496 1440 728 1495 improvida
752 1449 813 1480 051
838 1450 880 1481 01
901 1441 1047 1481 01100113
1110 1441 1323 1482 Adversus
1351 1457 1400 1482 ea
1427 1441 1557 1481 oratio
1585 1455 1684 1481 0011-

298 1496 396 1537 511115
424 1497 537 1537 haud
564 1512 661 1537 sane
693 1497 801 1537 laeta
820 1498 911 1547 fuit,
934 1498 1064 1552 magis
1091 1498 1270 1547 fatentis,
1294 1514 1354 1547 ea,
1377 1514 1483 1553 quae
1513 1498 1682 1547 diceret,

299 1569 406 1602 vera,
449 1568 574 1608 quam
624 1554 760 1594 facilia
804 1554 928 1603 factu,
975 1570 1073 1595 0550.
1157 1561 1168 1578 ‘
1186 1555 1391 1596 Dictatori
1442 1555 1685 1611 magistrum

301 1616 311 1634 ⁶
328 1611 518 1665 equitum
548 1610 851 1651 intolerabilem
873 1611 1023 1659 fuisse3
1057 1612 1160 1666 quid
1191 1612 1352 1652 consuli
1383 1612 1577 1652 adversus
1602 1611 1685 1652 col-

300 1667 462 1722 ‘legam
483 1667 727 1708 seditiosum
749 1683 795 1708 ac
818 1669 1082 1708 temerarium
1104 1669 1254 1709 virium
1280 1678 1405 1723 atque
1431 1669 1686 1709 auctoritatis

300 1730 311 1747 ⁶
327 1724 443 1764 fore?
497 1724 549 1765 Se
571 1724 770 1780 populare
791 1725 1033 1765 incendium
1055 1725 1189 1780 priore
1207 1726 1424 1766 consulatu
1441 1726 1683 1766 semiustum
1699 1738 1716 1767 5

301 1787 311 1804 ⁶
328 1781 532 1836 effugisse.
598 1781 768 1836 Optare,
791 1790 839 1822 ut
871 1782 1011 1822 omnia
1042 1797 1236 1838 prospere
1266 1783 1493 1823 evenirent.
1557 1785 1629 1831 At,
1652 1782 1684 1822 si

301 1844 311 1861 ‘
329 1838 432 1892 quid
452 1838 613 1878 adversi
634 1838 813 1887 caderet,
836 1838 1018 1879 hostium
1044 1854 1086 1879 se
1109 1840 1200 1880 telis
1220 1840 1372 1895 potius,
1395 1855 1521 1894 quam
1542 1840 1686 1879 suffra-

302 1901 312 1918 ‘
327 1895 405 1949 giis
426 1895 623 1935 iratorum
645 1895 812 1944 civium,
835 1905 960 1951 caput
981 1897 1267 1937 obiecturum.’

358 1952 428 1991 Ab
451 1952 528 1992 hoc
550 1967 738 1992 sermone
759 1953 991 2007 profectum
1014 1953 1208 1993 Paullum
1231 1953 1413 2002 tradunt,
1430 1967 1687 2008 prosequen-

301 2008 410 2049 tibus
438 2009 687 2063 primoribus
716 2009 900 2050 Patrum.
963 2010 1183 2050 Plebeium
1212 2010 1425 2051 consulem
1451 2025 1524 2050 sua
1543 2010 1687 2065 plebes

300 2074 529 2120 prosecuta,
553 2067 685 2114 turba,
709 2082 834 2121 qnam
856 2066 1072 2122 dignitate,
1096 2067 1367 2122 conspectior.
1413 2067 1474 2107 Ut
1495 2068 1538 2107 in
1556 2074 1687 2107 castra

300 2131 517 2170 venerunt,
535 2123 744 2177 permixto
766 2138 873 2164 novo
890 2124 1076 2164 exercitu
1099 2139 1145 2164 ac
1166 2133 1317 2172 vetere,
1336 2124 1477 2165 castris
1498 2123 1685 2163 bifariam

300 2177 430 2225 factis,
453 2187 499 2218 111
520 2193 627 2218 nova
647 2180 809 2220 minora
830 2189 967 2220 essent
995 2181 1165 2236 propius
1188 2180 1484 2228 Hannibalem,
1508 2180 1551 2219 in
1572 2188 1685 2220 vete-

344 2370 363 2398 9
380 2361 483 2396 Quam
499 2361 555 2389 diu
570 2370 629 2399 pro
643 2361 773 2390 Ger-onii
791 2382 798 2390 .
811 2383 817 2390 .
832 2383 838 2389 .
856 2361 969 2390 moeni-

302 2402 375 2439 bus]
403 2402 538 2440 Supplc‚
554 2403 653 2438 sedet,
670 2401 886 2439 consenescit3
910 2402 971 2439 vel,

302 2443 326 2472 si
343 2443 454 2480 mavis,
469 2454 542 2473 011111
559 2443 692 2474 detinui.
738 2444 885 2474 Fortasse
905 2454 969 2473 me-

304 2485 363 2515 lius
379 2489 459 2515 esset
475 2485 644 2515 admittere
660 2486 875 2515 coniecturam
894 2486 969 2515 Val-

303 2527 353 2556 Iae
369 2531 399 2556 ct
417 2527 589 2557 Gronovii:
616 2529 777 2564 Quamdiu
797 2538 858 2567 pro
877 2530 970 2558 Gero-

302 2570 350 2597 niz'
367 2591 374 2598 .
392 2592 398 2598 .
417 2592 424 2598 .
440 2571 602 2599 moenibus
616 2571 725 2600 sedet?
751 2572 804 2600 Ne
819 2571 972 2600 adversus

303 2614 332 2638 te
347 2611 480 2648 quidem.
505 2611 609 2641 CREV.

350 2660 360 2679 1
388 2653 412 2679 Α
422 2656 493 2690 tque
508 2654 646 2689 Atilius]
677 2654 774 2683 Forte
789 2659 819 2685 et
834 2655 884 2684 M.
902 2655 971 2684 Ate·-

304 2693 375 2721 lius.
402 2693 506 2722 Cnssv.

352 2744 367 2762 2*
392 2735 568 2770 Labor-are]
608 2735 793 2773 Defcctum,
818 2739 867 2767 vel
895 2738 971 2767 (leli-

304 2775 413 2813 quium
443 2776 518 2813 pati.
570 2776 692 2806 Notum
721 2784 767 2808 est
793 2780 873 2808 illud
900 2780 971 2808 Vir-

303 2816 382 2855 gilii,
403 2818 576 2856 Lunaeque
600 2819 729 2850 labores.
780 2821 879 2851 Hunc
906 2831 972 2851 esse

1016 2360 1075 2389 ho(-
1100 2360 1170 2389 loco
1194 2370 1321 2390 sensum
1339 2360 1423 2390 verbi
1439 2361 1596 2397 laborare,
1616 2370 1684 2399 pro-

1016 2403 1070 2431 bat
1091 2402 1122 2431 id
1142 2404 1227 2440 quod
1251 2402 1404 2441 sequitur,
1422 2404 1584 2441 eoestinyui
1602 2413 1684 2433 mm-

1015 2455 1119 2483 q'szm.
1146 2446 1251 2475 CREV.

1059 2496 1077 2524 3
1101 2487 1243 2516 Gloria-m
1266 2488 1321 2526 qui
1341 2488 1514 2526 spreverit]
1543 2488 1683 2517 Gloriam

1016 2539 1132 2557 vanam
1158 2530 1213 2568 qui
1236 2531 1403 2568 spreverit,
1419 2528 1554 2559 coniecit
1577 2529 1683 2559 Mure-

1017 2574 1078 2607 tus,
1096 2570 1172 2600 Var.
1191 2571 1280 2601 Lect.
1300 2571 1362 2601 viii.
1381 2580 1429 2602 20.

1059 2624 1077 2650 4
1100 2614 1220 2647 Ducat,
1247 2623 1310 2643 non.
1330 2614 1487 2651 fortuna]
1518 2614 1594 2643 Post
1613 2613 1683 2650 sor-

1017 2659 1096 2684 tumc
1114 2665 1223 2684 vocem
1240 2656 1333 2685 velim
1349 2665 1388 2684 ex
1406 2655 1588 2685 coniectura
1604 2653 1682 2683 Gro-

1018 2696 1101 2726 novii
1119 2697 1261 2735 reposuit
1279 2697 1417 2726 Bekker.

1060 2747 1076 2776 5
1101 2740 1266 2777 I’opulare
1288 2740 1469 2769 incendium
1490 2760 1497 2766 .
1515 2760 1522 2766 .
1539 2759 1546 2766 .
1565 2760 1571 2766 .
1595 2739 1683 2767 semi-

1016 2782 1139 2817 ustum]
1166 2781 1204 2810 cf.
1222 2780 1313 2818 Supr.
1332 2787 1380 2819 35⁴
1400 2780 1601 2809 damnatione
1625 2781 1682 2809 col-

1017 2823 1104 2860 leycee
1119 2823 1290 2852 ambustus.
