1871 3178
499 97 616 138 LIB.
651 95 793 136 XXV.
837 93 980 135 (JAP.
1020 98 1079 134 14.

105 186 228 227 modo
257 195 443 228 tutantur
472 187 617 236 Poeni,
645 187 730 235 sed,
761 196 805 226 ut
831 184 981 240 quibus
1008 183 1122 224 locus
1153 183 1323 238 aequior
1354 194 1472 232 esset,
1492 191 1532 221 U.
1550 190 1586 220 C.
1609 197 1679 227 5⁴0·

104 244 325 285 deturbant
355 245 533 285 nitentes
571 259 628 285 ›er
658 244 786 284 ardua
812 242 958 282 hostes.
1022 240 1135 281 Vicit
1167 250 1304 280 tamen
1336 235 1525 280 oniniaA·
1550 235 1587 263 υ·
1611 240 1682 260 ²¹²·

104 301 295 357 pertinax
316 302 454 352 virtus,
470 311 511 342 et
531 260 688 357 aliquot
701 299 821 341 simul
843 298 1026 355 partibus
1043 298 1094 338 ad
1111 297 1261 338 vallum
1284 312 1330 337 ae
1351 298 1474 337 fossas
1492 334 1532 363 11¹
1553 278 1658 360 lii-„ia

103 369 349 414 perventum
372 369 454 408 est3
488 359 559 400 scd
581 373 673 399 cum
698 357 834 398 multis
854 355 1092 396 vulneribus
1117 370 1162 395 ac
1185 353 1361 394 militum
1384 369 1475 408 per·
1488 344 1588 405 cagia-[I
1602 346 1651 403 'fflss

105 415 224 456 nicie.
288 416 433 473 Itaque
465 415 697 457 convocatis
728 413 900 455 tribunis
936 412 1113 453 militum
1150 411 1306 461 consul,
1345 411 1652 457 ‘absi-piamun:

105 478 117 496 ‘
133 474 326 514 stendum
348 474 564 515 temerario
585 471 775 527 incepto,’
796 470 874 511 ait:
910 476 920 493 ⁶
938 470 1064 511 tutius
1081 470 1157 510 sibi
1173 468 1316 518 videri,
1335 468 1476 509 reduci
1492 463 1653 492 ¹“'¹¹¹²²¹¹¹⁵·

1395 95 1472 135 247

74 538 91 568 5
107 536 116 554 ‘
133 546 183 572 eo
204 532 271 571 die
288 532 514 572 exercitum
539 531 842 571 Beneventum:
876 527 972 568 dein
989 536 1152 584 postero
1168 527 1309 567 castris
1329 541 1371 567 se
1386 526 1478 566 hos-

73 998 93 1032 6

78 1292 94 1322 κἱ

106 588 239 629 ‘tium
265 589 394 643 iungi,
415 604 468 629 ne
494 588 606 628 exire
631 586 728 627 inde
758 585 976 641 Campani,
999 600 1103 625 neve
1133 584 1288 625 Hanno
1316 583 1477 639 regredi

107 651 281 701 ‘posset.
344 642 393 686 Id
425 661 507 701 quo
538 643 695 684 facilius
732 643 977 691 obtineatur,
1010 642 1208 696 collegam
1240 656 1406 697 quoque
1438 651 1479 682 et

107 709 117 726 ‘
134 703 359 744 exereitum
375 703 463 743 eius
479 717 520 742 se
535 701 774 749 acciturum,
791 709 1007 755 totumque
1029 715 1077 739 eo
1091 714 1278 739 versuros
1300 698 1479 739 bellum.'

106 759 224 801 IIaec
257 759 426 801 consilia
458 759 586 807 ducis,
620 772 749 813 quum
782 757 862 797 iam
896 757 1081 812 receptui
1114 765 1292 806 caneret,
1326 756 1480 797 clamor

106 817 283 858 militum
311 816 619 872 aspernantium
641 824 724 855 tam
745 829 870 870 segne
903 814 1120 869 imperium
1144 813 1316 854 disiecit.
1378 813 1480 854 Pro-

106 875 217 915 xima
237 883 379 930 portae
407 874 586 914 hostium
609 881 695 913 erat
716 871 861 912 cohors
885 871 1080 927 Peligna:
1105 871 1222 911 euius
1249 871 1480 927 praefectus

105 930 254 971 Vibius
283 931 502 972 Accuaeus
529 938 737 985 arreptum
765 929 961 970 vexillum
988 939 1098 969 trans
1120 928 1271 969 vallum
1300 929 1479 969 hostium

106 988 276 1029 traiecit.
340 988 587 1029 Exseeratus
608 987 704 1027 inde
726 1002 851 1042 seque
874 997 915 1027 et
936 986 1160 1035 eohortem,
1183 986 1216 1026 si
1237 986 1325 1026 eius
1341 986 1479 1027 vexilli

104 1045 244 1086 hostes
264 1045 385 1101 potiti
413 1055 563 1094 essent,
585 1044 776 1100 princeps
798 1044 883 1099 ipse
909 1058 983 1098 per
1003 1044 1149 1083 fossam
1175 1043 1410 1098 vallumque
1437 1044 1478 1083 in

105 1112 236 1144 castra
259 1103 460 1158 irrumpit.
523 1102 697 1156 Iamque
729 1102 837 1141 intra
856 1101 1009 1141 vallum
1038 1100 1200 1155 Peligni
1226 1101 1478 1156 pugnabant,

105 1175 236 1215 quum
264 1160 392 1200 altera
418 1169 546 1215 parte,
571 1159 738 1199 Valerio
768 1158 914 1198 Flacco
941 1158 1105 1198 tribuno
1139 1157 1314 1197 militum
1338 1158 1480 1198 tertiae

105 1217 280 1271 legionis
301 1218 575 1272 exprobrante
595 1215 794 1255 Romanis
811 1215 1027 1267 ignaviam,
1044 1215 1115 1269 qui
1137 1214 1255 1254 sociis
1269 1225 1480 1270 captorum

107 1283 332 1315 castrorum
354 1273 629 1314 concederent
650 1272 788 1319 decus,
808 1272 856 1312 Τ.
877 1271 1098 1320 Pedanius,
1116 1271 1306 1327 princeps
1327 1271 1482 1327 primus

108 1331 310 1379 centurio,
333 1346 462 1385 quum
491 1330 684 1385 signifero
715 1330 877 1384 sig-num
906 1329 1138 1377 ademisset,
1163 1328 1278 1368 ‘Iam
1300 1328 1377 1369 hoc
1402 1329 1482 1384 sig-

110 1394 121 1412 ‘
137 1403 251 1437 num,
275 1397 316 1428 et
341 1388 408 1428 hie
437 1387 648 1435 centurio,’
670 1386 818 1441 inquit,
843 1394 851 1409 ‘
871 1386 977 1426 intra
997 1385 1150 1425 vallum
1181 1385 1360 1426 hostium
1390 1387 1479 1426 erit.

111 1444 389 1500 ‘Sequuntun
424 1445 495 1500 qui
529 1445 618 1499 capi
652 1443 816 1499 signiun
852 1444 901 1483 ab
934 1443 1050 1483 hoste
1083 1442 1329 1497 prohibituri
1362 1443 1483 1483 sunt.’

111 1502 395 1558 {Manipulares
416 1502 475 1542 sui
494 1502 672 1557 primum
695 1500 1056 1541 transcendentem
1077 1501 1237 1548 fossam,
1256 1499 1352 1539 dein
1375 1499 1483 1555 legio

110 1568 197 1600 tota
217 1569 355 1600 secuta
383 1568 454 1600 est.
517 1558 602 1599 Iam
627 1567 668 1598 et
689 1557 843 1606 consul,
867 1557 917 1597 ad
947 1565 1212 1612 conspectum
1236 1557 1484 1611 transgredi-

110 1617 269 1657 entium
290 1616 441 1657 vallum
464 1624 622 1656 mutato
644 1614 827 1663 consilio,
850 1615 900 1654 ab
921 1614 1152 1654 revocando
1178 1614 1229 1655 ad
1251 1614 1484 1655 incitandos

154 1786 170 1816 5
194 1777 281 1807 Dein
300 1781 424 1816 postero
442 1778 570 1815 castris]
610 1776 701 1806 Haec
724 1786 774 1815 pa-

109 1829 178 1849 rum
206 1820 291 1849 clara
317 1823 398 1849 sunt.
445 1820 593 1849 Romano
616 1818 701 1848 enim
725 1829 775 1848 ex-

110 1862 211 1892 ercitu
235 1861 456 1891 Beneventum
480 1862 622 1898 reducto,
638 1861 707 1899 quis
728 1871 776 1890 ve-

109 1908 177 1934 tare
214 1908 349 1943 poterat,
378 1909 434 1934 aut
465 1904 649 1943 Campanos
681 1903 777 1939 exire,

110 1949 166 1976 aut
190 1946 385 1976 Hannonem
408 1947 538 1985 regredi.
583 1947 676 1976 Adde
692 1946 775 1984 qnod

110 1989 143 2018 in
160 1988 209 2018 his
222 1989 350 2018 vocibus
362 1991 474 2019 eastris
488 2000 520 2019 se
535 1989 666 2018 hostium
686 1989 776 2026 innui.

111 2031 233 2069 aliquid
257 2035 304 2061 est
327 2031 563 2067 inconcinnum,
580 2031 663 2069 quod
685 2030 735 2059 vix
759 2041 778 2059 a

112 2082 210 2102 manu
234 2073 316 2103 Livii
340 2073 494 2112 proficisci
519 2073 658 2112 potuisse
675 2072 777 2102 videa-

112 2118 173 2145 tur.
213 2115 300 2145 Huic
318 2116 480 2154 posteriori
496 2115 697 2145 incommodo
714 2124 777 2144 nie-

114 2157 179 2187 deri
196 2157 395 2196 aliquatenus
411 2168 588 2196 possumus,
600 2157 623 2187 si
637 2158 778 2187 detracta

113 2209 178 2229 una
198 2210 285 2236 voce,
307 2200 432 2230 adiecta
454 2200 527 2236 alia,
550 2199 774 2229 rescribamus:

114 2246 218 2271 castra
237 2244 349 2272 eastris
363 2243 495 2273 hostium
518 2243 618 2281 ἰτὼ-(μ’.
652 2242 725 2272 Put.
742 2241 776 2270 li-

114 2284 170 2313 ber
192 2283 313 2322 ignorat
331 2283 367 2313 τὸ
381 2296 422 2315 se.
447 2286 551 2315 CREV.

114 2336 146 2356 se
162 2325 279 2355 delevit
295 2325 434 2357 Bekker.

158 2366 177 2397 6
203 2368 355 2405 Traiecit]
381 2368 512 2407 Signum
535 2368 568 2397 in
585 2372 685 2397 castra
708 2368 777 2397 hos-

116 2410 196 2440 tium
234 2409 385 2439 iniectum
421 2410 516 2440 etiam
551 2420 635 2449 supr.
662 2410 702 2440 iv.
729 2421 777 2451 ²9·

115 2455 268 2482 narratur.
316 2455 484 2482 Accuaeus
509 2453 548 2481 ab
574 2452 692 2491 oppido
718 2455 778 2483 Ae-

115 2505 188 2531 cua,
201 2498 234 2523 ut
250 2494 382 2525 videtur.
412 2496 523 2524 Accua
538 2504 621 2533 supr.
634 2493 718 2525 xxiv.
730 2504 780 2531 20,

115 2537 190 2566 urbs
213 2536 362 2575 Apuliae,
384 2540 588 2571 memoratur,
610 2536 664 2565 sed
683 2546 780 2574 quum

117 2578 217 2609 socios
246 2578 399 2608 militibus
431 2578 494 2608 suis
524 2578 700 2617 praefectos
729 2579 780 2607 de-

117 2621 199 2651 disse
230 2621 345 2650 scribat
373 2621 486 2660 Polyb.
513 2621 550 2650 vi.
578 2629 626 2660 19,
651 2619 782 2649 minime

117 2663 286 2694 verisimile
309 2666 355 2692 est
371 2663 515 2702 Apulum
540 2661 679 2700 Pelignis
696 2672 781 2701 prae-

117 2706 235 2736 fectum
247 2705 351 2735 fuisse.
377 2705 520 2736 Aecae-ns
531 2705 699 2743 legendum
711 2715 782 2734 eon-

117 2747 185 2778 iicit
198 2747 380 2783 Douiatius,
393 2749 433 2777 ab
449 2746 569 2786 oppido
581 2748 685 2777 Aecae
698 2757 780 2785 supr.

118 2790 204 2821 xxiv.
234 2799 282 2820 20.
321 2791 375 2819 sed
403 2799 501 2828 quum
533 2799 635 2827 neque
663 2790 782 2826 Accua,

118 2842 221 2872 neque
238 2833 343 2863 Aecae
366 2832 397 2862 in
419 2831 559 2871 Pelignis
581 2831 653 2867 sint,
671 2841 781 2869 eogno-

597 2285 777 2314 Pronomen

821 1785 893 1805 men
920 1775 1000 1805 illud
1030 1775 1115 1805 Vibii
1143 1774 1272 1805 aliunde
1299 1786 1365 1805 csse
1395 1785 1485 1814 posse

821 1818 970 1857 agnoscit.

860 1870 874 1899 7
889 1862 1043 1899 Princeps
1057 1862 1181 1899 primus
1192 1861 1350 1897 centurio]
1363 1860 1483 1895 Quem-

821 1903 994 1932 admodum
1012 1903 1064 1941 qni
1089 1903 1180 1941 primi
1199 1903 1315 1932 ordinis
1333 1904 1404 1941 pili,
1420 1902 1485 1933 sive

820 1945 996 1975 triariorum
1021 1945 1163 1975 centurio
1181 1950 1239 1981 est,
1255 1950 1286 1975 et
1306 1947 1403 1984 primi
1423 1946 1485 1984 pili

820 1989 962 2018 centurio
978 1992 1008 2017 et
1026 1987 1092 2026 ipse
1112 1990 1237 2026 primus
1258 1989 1343 2026 pilus
1359 1987 1485 2024 dicitur,

821 2030 865 2059 ita
882 2041 1007 2068 quoque
1026 2031 1123 2069 primi
1146 2031 1263 2060 hastati
1286 2031 1428 2059 centurio
1453 2034 1484 2059 et

818 2074 943 2111 primns
964 2073 1120 2108 hastatus,
1145 2072 1221 2101 item
1246 2073 1342 2110 primi
1363 2073 1483 2110 prinei—

818 2116 871 2153 ]›is
886 2116 1038 2151 centurio,
1052 2118 1081 2143 et
1095 2116 1220 2152 primus
1232 2116 1391 2152 prinecps.
1427 2115 1482 2144 Or-

822 2157 862 2185 do
886 2157 1104 2186 centurionum
1130 2156 1161 2185 in
1186 2156 1308 2195 legione
1331 2156 1381 2185 hic
1407 2161 1484 2192 erat,

821 2204 856 2228 ut
879 2200 987 2229 (lec-imi
1010 2200 1127 2228 hastati
1147 2199 1285 2233 infimus,
1305 2200 1403 2237 primi
1423 2200 1483 2237 pili

821 2251 964 2271 summus
985 2246 1077 2277 esset,
1093 2241 1146 2278 qui
1169 2241 1242 2270 inde
1265 2247 1296 2270 et
1319 2241 1394 2270 olim
1417 2242 1484 2280 pri-

821 2295 890 2313 mns
923 2285 1066 2314 centurio
1097 2284 1277 2313 vocabatur.
1319 2294 1402 2322 supr.
1434 2283 1484 2312 vii.

823 2335 872 2362 41.
900 2326 1066 2356 Graduum
1083 2326 1162 2355 ratio
1184 2325 1266 2355 inter
1287 2326 1486 2356 centuriones

822 2370 943 2406 optime
986 2368 1184 2407 cognoscitur
1226 2368 1296 2398 infr.
1330 2369 1396 2398 xlii.
1436 2377 1485 2406 34.

823 2413 961 2443 Srnoru.
995 2411 1057 2441 Sed
1069 2410 1195 2449 Lipsius
1207 2411 1370 2440 emendat:
1388 2412 1485 2440 I’rin-

823 2465 894 2493 ceps
914 2454 1051 2492 primae,
1076 2453 1141 2482 sire
1167 2454 1286 2491 prioris
1311 2454 1485 2484 centuriae.

826 2497 865 2526 In
895 2505 1086 2533 unoquoque
1114 2494 1198 2524 enim
1228 2495 1393 2533 manipulo
1423 2496 1487 2525 duo

825 2542 913 2567 erant
939 2537 1074 2572 ordines,
1097 2536 1162 2566 sive
1184 2537 1354 2568 centuriae.
1399 2538 1486 2568 Ordo

825 2584 931 2609 autem
949 2579 1059 2608 dexter
1081 2578 1204 2607 sinistro
1223 2578 1376 2618 dignitate
1399 2590 1486 2618 prae—

826 2622 938 2651 stabat.
983 2621 1035 2650 Sic
1051 2621 1136 2659 apud
1153 2621 1321 2651 Caesarem
1336 2622 1429 2653 Civil.
1443 2622 1486 2653 iii.

827 2663 875 2701 64.
887 2667 1016 2701 praeter
1026 2664 1364 2702 Principempriorem.
1388 2666 1487 2695 Prin—

827 2716 898 2744 ceps
920 2705 1013 2743 igitur
1032 2707 1134 2744 prior,
1149 2706 1225 2741 sive,
1244 2708 1362 2745 prioris
1381 2713 1487 2737 centn-

826 2749 905 2779 rinc,
921 2752 965 2776 est
983 2747 1008 2776 is
1024 2748 1165 2777 centurio
1181 2748 1234 2786 qui
1253 2747 1284 2778 in
1306 2749 1408 2788 primo
1424 2760 1487 2780 rna-

827 2789 937 2828 nipulo
966 2790 1150 2829 Principum
1182 2790 1316 2829 priorem
1346 2793 1488 2823 ordinem

827 2831 923 2863 ducit.
947 2833 1050 2863 Cius-v.
