1871 3178
514 99 638 139 LIB.
674 99 865 140 XXVII.
912 100 1055 140 CAP.
1089 105 1156 140 43.
1449 102 1522 140 :391

147 199 315 240 quoquc
348 186 618 227 tumultuaria
647 203 789 242 pugna
818 189 906 228 fuit.
971 188 1105 242 Supra
1139 187 1223 226 duo
1260 187 1388 226 millia
1420 187 1527 227 Poe·
1543 197 1585 228 U.
1603 198 1640 227 (ἰ.
1664 207 1734 236 5⁴5·

145 255 295 281 norum
345 258 473 282 caesa.
552 243 656 284 Inde
707 244 918 284 nocturnis
968 244 1257 297 montanisque
1309 243 1525 283 itineribus
1542 241 1577 270 A.
1603 242 1639 270 C.
1666 249 1733 278 ²07·

145 296 325 345 Poenus,
364 313 415 337 ne
457 299 592 339 locum
636 300 847 355 pugnandi
886 299 1015 347 daret,
1054 299 1349 354 Bletapontum
1390 300 1521 353 petiit.

145 351 302 393 Hanno
342 354 440 394 inde
476 356 530 408 (is
565 357 677 395 enim
707 352 917 410 >praesidio
953 356 1041 395 eius
1078 355 1157 394 loci
1194 355 1445 409 praefuerat)
1481 356 1524 395 in

144 407 329 449 Bruttios
362 425 457 450 cum
491 412 632 465 paucis
664 412 715 451 ad
751 412 982 452 exercitum
1013 426 1167 451 novum
1199 411 1522 465 comparandum

140 464 298 505 missus.
364 466 588 515 Hannibal,
623 468 751 521 copiis
781 468 871 507 eius
901 467 954 507 ad
983 482 1076 507 suas
1107 467 1270 515 additis,
1295 467 1521 507 Venusiam

140 529 262 570 retro,
286 522 437 576 quibus
465 532 632 563 venerat
661 523 891 571 itineribus,
914 524 1077 578 repetit,
1100 532 1225 578 atque
1255 523 1351 563 inde
1378 523 1522 563 Cann-

139 576 245 616 sium
267 578 466 632 procedit.
530 578 760 633 Nunquam
786 579 900 619 Nero
921 580 1103 633 vestigiis
1129 580 1256 619 hostis
1281 579 1518 620 abstiterat:

139 641 181 672 et
213 633 266 680 Q.
287 634 492 683 Fulvium,
515 650 645 689 quum
673 635 967 690 BIetapontum
998 636 1085 690 ipsc
1113 636 1454 690 proficisceretur,
1478 636 1521 676 in

138 688 344 739 Lucanos,
368 705 420 730 ne
442 691 556 745 regio
577 706 626 731 ea
646 692 735 731 sinc
756 691 961 746 praesidio
983 700 1102 740 esset,
1126 692 1373 732 arcessierat.

196 745 313 786 Inter
342 746 444 786 haec
474 748 525 787 ab
559 747 835 796 Hasdrubale,
869 756 1087 802 postquam
1125 764 1147 788 a
1178 748 1415 789 Placentiae
1447 748 1520 788 ob·
1594 745 1661 782 43·

137 801 298 842 sidione
332 803 539 851 abscessit,
576 812 773 858 quattuor
811 804 923 844 Galli
958 805 1132 858 equiteS,
1169 804 1253 844 duo
1291 804 1517 852 Numidae,
1532 799 1664 870 Ῐῖηῡῖω·

137 872 231 897 cum
255 857 384 898 literis
405 859 457 898 ad
481 859 763 900 Hannibalem
786 860 911 909 missi,
935 875 1065 915 quum
1093 875 1168 915 per
1195 861 1353 901 medios
1381 861 1518 901 hostes
1532 850 1719 912 fstfflfrlgba-

136 921 265 954 totam
287 914 414 954 ferme
440 914 747 970 longitudinem
770 916 912 957 Italiae
942 917 1099 956 emensi
1128 926 1277 965 essent,
1300 917 1401 957 dum
1424 917 1519 957 Me-
1532 924 1568 953 h's
1585 924 1706 955 literae.

136 977 355 1024 tapoutum
380 971 600 1012 cedentem
624 971 906 1013 Hannibalem
934 982 1178 1027 sequuntur,
1202 973 1369 1013 incertis
1397 974 1520 1013 itine-

135 1026 250 1066 ribus
272 1026 502 1067 Tarentum
525 1028 663 1077 delati,
687 1044 710 1069 a
729 1029 841 1083 vagis
862 1043 937 1084 per
958 1044 1076 1083 agros
1099 1029 1409 1083 pabulatoribus
1433 1030 1520 1069 Ro-

134 1083 267 1122 manis
300 1083 353 1122 ad
384 1083 436 1130 Q.
464 1084 691 1124 Claudium
724 1094 1034 1140 propraetorem
1067 1085 1344 1125 deducuntur.
1408 1085 1519 1125 Eum

134 1139 269 1193 primo
290 1139 458 1179 incertis
480 1140 740 1195 implicantes
761 1141 979 1195 responsis,
999 1149 1044 1180 ut
1061 1151 1195 1181 metus
1217 1149 1518 1181 tormentorum

135 1194 326 1235 admotus
351 1195 470 1235 fateri
495 1211 591 1236 vera
621 1197 770 1249 coegit,
793 1197 1063 1245 edocuerunt,
1086 1196 1225 1237 literas
1255 1212 1296 1237 se
1328 1198 1379 1238 ab
1409 1197 1519 1238 Has-

134 1250 306 1291 drubale
328 1251 380 1291 ad
403 1251 686 1292 Hannibalem
706 1250 823 1293 ferre.
889 1252 1000 1292 Cum
1023 1253 1070 1292 iis
1096 1252 1235 1301 literis,
1259 1253 1364 1293 sieut
1386 1262 1516 1302 crant,

134 1306 316 1361 signatis,
340 1307 388 1347 L.
406 1307 599 1361 Virginio
622 1309 787 1349 tribuno
809 1309 987 1349 militum
1009 1309 1192 1349 ducendi
1214 1309 1266 1349 ad
1291 1308 1518 1350 Claudium

134 1363 348 1404 consulem
373 1364 602 1405 traduntur.
658 1365 778 1405 Duae
801 1365 922 1405 simul
945 1374 1103 1405 turmae
1129 1364 1378 1405 Samnitium
1400 1381 1518 1420 prae-

134 1419 228 1459 sidii
263 1434 386 1460 eausa
422 1420 579 1460 missae.
653 1421 739 1468 Qui
775 1422 846 1461 ubi
883 1421 935 1460 ad
970 1420 1183 1461 consulem
1220 1431 1514 1475 pervenerunt,

134 1474 362 1529 literaeque
392 1476 523 1516 lectae
552 1492 626 1531 per
652 1478 922 1531 interpretem
951 1486 1060 1524 sunt,
1083 1485 1125 1515 et
1152 1491 1205 1515 ex
1230 1477 1402 1530 captivis
1423 1493 1515 1532 per-

133 1532 345 1572 cunctatio
369 1532 501 1579 facta3
535 1542 623 1571 tun]
650 1532 864 1579 Claudius,
888 1547 972 1571 non
1000 1531 1044 1570 id
1073 1541 1235 1586 tempus
1261 1547 1348 1572 esse
1377 1534 1516 1588 reipu-

133 1587 266 1628 blicae
288 1596 411 1636 ratus,
430 1603 513 1641 qno
531 1587 711 1627 consiliis
733 1588 948 1627 ordinariis
969 1588 1205 1642 provinciae
1223 1603 1320 1629 suae
1337 1590 1514 1644 quisque

134 1644 287 1683 finibus
314 1658 389 1698 per
416 1643 622 1683 exereitus
653 1658 748 1684 suos
778 1659 873 1684 eum
905 1644 1021 1684 hoste
1051 1644 1257 1685 destinato
1288 1646 1338 1686 ab
1369 1655 1516 1686 senatu

103 1699 289 1740 8bellum
309 1708 484 1754 gereret,
503 1699 743 1740 audendum
765 1700 923 1754 aliquid
940 1700 1221 1754 improvisum,
1239 1701 1514 1756 inopinatum,

134 1755 248 1811 quod
269 1764 463 1810 coeptum
485 1771 570 1796 non
591 1756 795 1796 minorem
823 1756 935 1810 apud
963 1756 1085 1804 cives,
1109 1772 1235 1811 quam
1259 1757 1409 1806 hostes,
1434 1768 1515 1798 ter-

133 1826 269 1852 rorem
289 1811 453 1860 faceret,
476 1820 761 1867 perpetratum
782 1813 826 1852 in
854 1827 1047 1868 magnam
1068 1813 1267 1853 laetitiam
1289 1828 1342 1853 ex
1363 1829 1515 1869 magno

134 1876 251 1908 metu
289 1876 495 1916 verteret,
538 1868 666 1909 literis
703 1868 976 1909 Hasdrubalis
1014 1869 1193 1909 Romam
1233 1869 1286 1909 ad
1325 1880 1515 1911 senatum

134 1923 279 1973 missis,
325 1924 448 1964 simul
492 1932 534 1965 et
572 1924 660 1979 ipse
701 1925 845 1966 Patres
886 1925 1150 1979 conscriptos,
1192 1925 1294 1979 quid
1338 1935 1515 1980 pararet,

137 1980 300 2029 edocet,
336 1989 394 2028 ut,
429 1995 560 2035 quum
596 1981 640 2020 in
677 1980 854 2021 Umbria
893 1996 935 2020 se
976 1995 1241 2021 occursurum
1280 1980 1518 2023 Hasdrubal

135 2035 248 2075 fratri
277 2036 439 2084 scribat,
463 2036 670 2089 legionem
692 2050 716 2076 a
739 2036 889 2090 Capua
910 2036 1090 2076 Romam
1112 2045 1344 2084 arcessant;
1378 2038 1517 2078 delec-

137 2099 228 2131 tum
270 2091 430 2131 Romae
473 2091 679 2139 habeant3
724 2092 953 2132 exercitum
990 2092 1193 2131 urbanum
1227 2092 1279 2131 ad
1313 2092 1515 2133 Narniam

135 2147 246 2187 hosti
285 2156 510 2202 opponant.
574 2146 693 2187 Haec
733 2147 894 2187 senatui
934 2147 1096 2202 scripta.
1157 2147 1379 2188 Praemissi
1414 2149 1516 2189 item

136 2217 212 2258 per
245 2217 390 2258 agrum
421 2203 674 2251 Larinatem,
707 2203 1009 2251 Marrucinum,
1042 2203 1310 2253 Frentanum,
1342 2204 1517 2245 Praetu-

137 2259 312 2307 tianum,
341 2274 424 2314 qua
455 2260 685 2299 exereitum
715 2259 915 2299 ducturus
948 2267 1048 2307 erat,
1078 2268 1125 2299 ut
1157 2274 1300 2300 omnes
1327 2275 1380 2300 ex
1410 2262 1517 2315 agris

138 2314 392 2368 urbibusque
414 2323 668 2355 commeatus
689 2323 851 2369 paratos
872 2315 994 2355 militi
1010 2315 1064 2354 ad
1079 2315 1331 2355 vescendum
1348 2317 1391 2355 in
1408 2317 1517 2357 viam

138 2369 361 2417 deferrent,
387 2384 517 2424 equos
547 2372 817 2425 iumentaque
849 2370 927 2412 alia
954 2371 1244 2425 producerent,
1274 2380 1321 2411 ut
1347 2372 1518 2412 vehicu-

138 2425 272 2465 lorum
292 2425 406 2465 fessis
431 2426 550 2481 eopia
577 2435 694 2466 esset.
758 2426 852 2480 Ipse
875 2426 927 2466 de
954 2435 1040 2467 toto
1066 2427 1255 2466 exercitu
1279 2427 1432 2468 civium
1453 2443 1518 2469 so-

181 2581 201 2610 8
221 2580 347 2610 Bellum
358 2581 500 2618 gereret]
528 2579 604 2609 Non
621 2578 746 2609 licuisse
761 2578 807 2608 in-
850 2580 982 2609 modum
1013 2583 1124 2618 postea
1153 2580 1274 2609 factum
1304 2588 1383 2616 esse,
1412 2583 1448 2609 ut
1478 2590 1519 2610 ex

139 2621 226 2651 iussu
252 2624 380 2651 senatus
400 2621 441 2650 de
467 2620 630 2659 provincia
654 2620 751 2655 exire,
776 2623 808 2650 et
851 2620 918 2651 Cic.
935 2621 968 2649 in
982 2620 1088 2650 Pison.
1103 2630 1152 2650 21.
1169 2621 1281 2659 liquet,
1297 2621 1381 2650 idem
1397 2626 1518 2658 monet,

140 2663 315 2692 exercitum
346 2662 492 2697 educere,
521 2662 627 2691 allatis
662 2661 808 2700 plurimis
851 2671 986 2699 eamque
1000 2662 1436 2700 sententiam,prov0cansad
1449 2673 1518 2692 nos-

142 2704 224 2734 Livii
246 2703 324 2733 locis
347 2704 439 2733 docet
463 2703 587 2733 Duker.
617 2703 656 2733 cf.
672 2713 756 2741 supr.
776 2712 806 2732 x,
851 2707 935 2732 trum
958 2703 1028 2732 infr.
1048 2702 1155 2733 xxxvi.
1174 2713 1222 2743 39.
1247 2704 1413 2734 confirmat
1438 2705 1518 2735 Dra-

142 2752 190 2784 37.
238 2745 277 2775 Id
294 2750 401 2774 tamen
425 2745 547 2783 legibus
570 2744 630 2773 hoc
654 2748 808 2782 tempore,
851 2744 945 2773 kenh.
972 2744 1095 2774 Rxscu.

140 2787 284 2816 nondum
309 2786 403 2816 fuisse
428 2786 634 2824 prohibitum,
658 2786 807 2823 quemad-
