1871 3178
529 96 648 137 11113.
686 94 850 136 XXIV.

147 194 300 240 patere,
332 184 464 240 palam
498 194 640 226 rentur
675 183 892 240 agendum.

149 247 161 265 ‘
176 242 413 297 potestatis:
434 243 562 289 aiunt,
587 242 761 282 ‘debere
783 255 882 288 esse,
905 238 937 279 si
960 238 1076 279 liberi
1100 237 1141 277 in
1163 237 1413 283 societatem,
1436 252 1500 276 noi

150 299 278 340 ‘servi
302 299 342 339 in
365 300 606 344 custodiam,
627 298 761 339 traditi
785 305 919 338 essent
944 295 1155 336 Romanis.

150 361 161 379 ‘
177 365 387 412 portarum
411 357 525 397 reddi
545 357 639 396 sibi'
655 369 833 410 aequum
851 363 1032 394 censent.

150 423 160 437 ‘
177 428 293 454 suam
319 414 545 454 maxinnnn
572 412 781 453 vinculum
810 426 919 451 esse:
953 419 995 450 ct
1023 410 1079 450 ita
1106 409 1181 449 sibi

151 481 160 494 6
178 486 344 511 manum
368 480 638 525 senatumque
660 469 808 524 gratias
830 468 1079 516 habiturum,
1103 466 1134 506 si
1157 481 1207 506 vo

151 529 319 577 ‘eoae-ti,
351 529 593 568 mansissent
618 527 659 566 in
682 526 886 566 amicitia.’

896 94 930 133 (j
946 94 982 134 A
996 93 1040 134 P.
1075 97 1140 133 3³5.
1440 94 1520 131 215

1220 293 1365 348 Itaque
1388 293 1519 333 claves

1097 358 1106 375 ‘
1124 351 1250 391 Bonis
1263 350 1380 390 sociis
1396 350 1518 389 {idem

1208 407 1407 505 populum
1438 407 1521 446 Ro-

1225 474 1353 513 entes,
1372 479 1417 504 ac
1440 479 1520 503 non

947 524 1016 565 Ad
1045 539 1094 564 ca
1124 523 1349 569 Romanus,
1375 521 1454 561 ‘Sc
1482 521 1521 559 in

151 586 383 641 ‘pracsidio
420 585 656 640 impositum
692 583 806 631 essc,'
841 582 992 631 (licere,
1029 582 1104 621 ‘ab
1142 581 1385 635 imperatore
1423 593 1519 618 sno:

152 643 393 697 ‘clavesque
434 651 643 697 portarum
675 650 717 681 ct
748 639 975 681 custodiam
1012 638 1114 679 arcis
1145 638 1195 678 ab
1226 652 1275 677 eo
1305 635 1522 690 accepisse,

152 706 163 723 ‘
180 715 284 756 quae
307 715 383 740 nee
409 714 481 739 suo
503 714 579 739 nec
610 697 900 738 Hennensium
930 696 1095 736 arbitrio
1123 695 1305 742 haberet,
1328 693 1400 733 sed
1422 692 1522 740 eius,

119 770 138 802 6
154 763 164 780 ‘
181 757 252 812 qui
274 756 552 798 commisisset.

616 754 827 795 Praesidio
855 753 1056 794 decedere
1079 753 1190 808 apud
1221 751 1432 791 Romanos
1459 765 1524 789 ea-

123 813 278 870 7‘pital
310 828 419 854 esse:
463 822 504 853 et
534 827 635 853 nece
670 812 892 853 liberorum
919 811 1042 851 etiam
1076 824 1242 850 suorum
1272 823 1361 849 eam
1391 807 1522 862 legem

154 878 164 895 ⁵
181 878 369 927 parentes
409 870 601 911 sanxisse.

673 868 899 910 Consulem
942 867 1189 908 BIarccllum
1232 865 1342 906 haud
1383 861 1525 920 procul

120 934 292 968 8‘esse:
325 927 493 968 adeum
524 928 735 968 mitterent
757 926 924 979 legatos,
947 925 1063 966 euius
1092 924 1189 964 iuris
1217 933 1341 978 atque
1371 921 1525 962 arbitrii

154 991 165 1009 ‘
180 985 312 1026 esset.'

374 984 425 1026 Se
448 1000 543 1026 vero
569 999 718 1039 negare
749 980 813 1023 illi
833 983 1047 1023 missuros:
1083 981 1317 1036 testarique,
1341 980 1372 1019 si
1395 979 1526 1019 verbis

152 1042 256 1083 nihil
277 1052 458 1097 agerent,
478 1038 698 1082 vindictam
722 1041 900 1096 aliquam
924 1039 1122 1080 libertatis
1143 1054 1238 1078 suae
1257 1037 1523 1093 quaesituros.

153 1100 266 1141 Tum
288 1100 495 1140 Pinarius:
531 1099 611 1139 ‘At
633 1099 704 1147 illi,
723 1099 754 1138 si
772 1098 824 1138 ad
842 1097 1050 1138 consulem
1068 1105 1335 1151 gravarentur
1351 1094 1525 1141 mittere,

155 1157 257 1198 ‘sibi
287 1157 429 1198 saltem
461 1157 609 1197 darent
639 1155 781 1212 populi
813 1154 1057 1195 concilium:
1098 1163 1142 1193 ut
1173 1153 1355 1199 sciretur,
1389 1160 1525 1190 utrum

156 1220 406 1270 ‘paucorum
438 1229 487 1254 ca
519 1213 773 1260 denuntiata,
809 1227 861 1251 an
897 1211 1108 1250 universae
1142 1209 1329 1257 civitatis,
1367 1207 1527 1248 essent.'

123 1282 143 1312 9
159 1271 377 1312 Consensu
399 1271 441 1310 in
463 1279 670 1326 posterum
694 1269 804 1309 diem
826 1268 969 1308 concio
991 1267 1179 1307 edicitur.

128 1343 140 1364 1
213 1329 440 1383 Postquam
462 1328 511 1367 ab
540 1343 589 1367 eo
610 1326 817 1381 colloquio
840 1326 879 1365 in
909 1340 1042 1365 arcem
1072 1339 1158 1364 sese
1188 1323 1354 1378 reecpit,
1378 1337 1528 1362 convo-

159 1442 533 1498 ‘qucmadmodum
559 1427 974 1497 pmcsidiaRomana
993 1439 1043 1478 ab
1075 1437 1222 1478 Siculis
1249 1437 1529 1477 circumventa

159 1506 229 1541 ‘et
259 1515 451 1556 oppressa
478 1499 559 1539 sint
587 1513 660 1553 per
685 1497 759 1537 hos
786 1497 884 1537 dics.

160 1557 320 1613 ‘primo
342 1556 610 1611 benignitate,
634 1555 732 1595 dein
754 1563 885 1595 vestra
914 1553 989 1608 ipsi
1011 1553 1174 1600 virtute,
1197 1551 1284 1591 dies
1306 1560 1530 1605 noctesque
1546 1558 1671 1587 milites.

160 1613 405 1670 ‘perstando
427 1629 472 1654 ac
493 1611 776 1668 pervigilando
798 1612 841 1651 in
862 1610 997 1659 armis,
1015 1609 1180 1650 vitastis.

948 1495 1052 1535 Eam
1080 1510 1151 1535 vos
1177 1494 1377 1542 fraudem,
1405 1493 1528 1533 deum

1245 1608 1417 1648 Utinam
1440 1607 1529 1648 reli-

161 1677 172 1695 ‘
189 1686 317 1728 quum
341 1680 503 1726 tempus
524 1685 601 1710 nec
622 1668 818 1724 patiendo
844 1667 1024 1716 infanda,
1048 1682 1124 1707 nee
1146 1665 1348 1714 faciendo,
1373 1664 1532 1706 traduci

130 1742 146 1763 2
162 1727 333 1784 ‘possiti
376 1727 492 1768 Haec
517 1726 678 1768 occulta
698 1726 741 1766 in
768 1725 911 1766 fraude
941 1724 1076 1765 cautio
1104 1733 1176 1772 est,
1200 1738 1282 1778 qua
1309 1723 1370 1763 usi
1398 1722 1532 1763 adhuc

162 1792 173 1810 ‘
189 1800 350 1826 sumus:
385 1785 452 1826 cui
473 1784 670 1840 quoniam
698 1798 842 1839 parum
870 1782 1066 1830 succedit,
1089 1790 1229 1836 aperte
1252 1796 1297 1820 ac
1323 1779 1531 1835 propalam

162 1849 173 1867 6
189 1843 322 1884 claves
361 1852 569 1898 portarum
611 1849 857 1896 reposcunt,
910 1855 1011 1895 quas
1058 1838 1179 1879 simul
1228 1837 1532 1885 tradiderimus,

163 1907 173 1924 ‘
193 1899 599 1956 Carthaginiensium
629 1897 839 1953 extemplo
878 1896 1032 1937 Henna
1066 1896 1156 1944 erit,
1187 1895 1431 1950 foediusque
1468 1894 1534 1934 hic

163 1957 497 2005 ‘trucidabimur,
530 1971 655 2011 quam
692 1954 958 2010 Murgantiae
990 1953 1240 2009 praesidium
1272 1952 1535 1992 interfectum

165 2021 175 2039 ‘
192 2023 263 2056 est.

326 2013 506 2055 Noctem
533 2028 657 2053 unam
682 2027 801 2067 aegre
831 2012 883 2052 ad
910 2010 1227 2052 consultandum
1257 2009 1424 2064 sumpsi,
1455 2023 1536 2063 qua

165 2078 177 2097 ‘
193 2087 263 2113 vos
283 2071 475 2112 certiores
496 2070 667 2127 periculi
693 2069 884 2110 instantis
904 2068 1092 2109 facerem.

1158 2067 1262 2108 Orta
1286 2066 1377 2106 luce
1399 2065 1536 2106 conei-

206 2185 225 2216 6
243 2186 371 2225 capital
381 2186 460 2223 esse]
477 2185 623 2224 Capitale
635 2183 827 2214 adieetimnn
872 2183 949 2212 diem
981 2183 1086 2212 concio
1113 2181 1281 2220 legendum
1314 2183 1416 2219 putat,
1443 2189 1537 2218 quem

166 2228 347 2267 praeferunt
359 2228 430 2258 edd.
441 2232 515 2257 ante
528 2227 667 2257 GronOV.
704 2226 829 2262 Festus,

166 2271 186 2285 “
200 2270 329 2308 capital,
344 2270 466 2300 facinus
487 2270 570 2308 quod
592 2268 705 2308 capitis
728 2278 830 2307 poena.

168 2312 299 2341 luitur.”
344 2312 467 2341 Eadem
486 2322 545 2340 vox
566 2322 616 2350 ap.
634 2311 746 2341 Silium
764 2310 829 2340 xiii.

173 2362 239 2392 155.
263 2358 376 2388 exstat,
397 2358 427 2382 et
446 2364 497 2392 ap.
515 2354 644 2383 Sueton.
661 2353 762 2391 Calig.
782 2362 830 2389 24.

170 2406 226 2434 pro
249 2395 405 2425 adiectivo
435 2406 454 2425 a
481 2394 551 2424 viris
578 2395 678 2424 doctis
705 2398 832 2433 recepta

171 2441 226 2468 est.

216 2488 231 2518 7
255 2481 299 2509 Et
316 2490 388 2510 nece
404 2480 571 2509 liberorum
585 2501 591 2508 .
604 2502 610 2508 .
623 2502 630 2508 .
643 2489 769 2508 suorum
788 2501 794 2508 .
807 2501 813 2507 .
825 2501 832 2507 .

170 2523 328 2559 saturis-se]
359 2522 399 2551 Id
420 2531 493 2551 nece
515 2521 681 2551 liberorum
704 2530 831 2549 suorum

171 2566 235 2594 iam
258 2568 409 2603 parentes
433 2563 586 2598 saniz-isse,
612 2566 740 2591 auctore
768 2562 832 2591 Iac.

174 2606 347 2642 Gronovio,
364 2604 501 2644 reposuit
520 2604 657 2634 Bekker.

216 2650 234 2679 8
257 2649 394 2678 Arbitriz·
411 2648 510 2684 esset]
531 2646 665 2685 Sumne,
682 2656 738 2676 res.
762 2646 822 2676 Cn.

216 2701 235 2731 9
259 2692 419 2721 Consensu
436 2713 442 2719 .
461 2713 467 2719 .
486 2713 493 2719 .
511 2712 517 2719 .
534 2688 684 2725 edicitur]
723 2687 834 2723 Quum

175 2743 283 2763 mnnes
301 2742 365 2762 uss.
383 2736 487 2762 carent
511 2731 622 2760 ultima
645 2740 730 2765 voce,
746 2730 837 2760 edivi-

176 2781 240 2813 tur,
257 2775 435 2806 Gronovius
453 2784 601 2805 consensa
624 2774 657 2802 in.
678 2777 836 2812 posterum

875 2224 1011 2255 Bekkcr.
1029 2227 1156 2254 secutus
1172 2228 1227 2253 est.

925 2277 935 2296 1
964 2267 1149 2297 Convocatis
1178 2266 1346 2302 militibus]
1387 2264 1539 2294 Omnibus

875 2319 931 2348 pro
954 2310 1106 2338 militibus
1129 2307 1263 2338 coniecit
1281 2308 1420 2337 Gronov.
1441 2311 1470 2336 et
1495 2316 1538 2335 re-

876 2351 979 2390 posuit
996 2351 1134 2381 Bekker.
1170 2350 1233 2380 Sed
1250 2349 1470 2388 repetitionem
1491 2358 1539 2376 ro-

876 2404 948 2423 eum
965 2394 1126 2429 militibus,
1137 2396 1167 2422 et
1184 2393 1307 2428 milites,
1318 2390 1403 2420 haud
1419 2400 1438 2419 a
1454 2400 1540 2420 more

878 2435 1012 2465 Liviano
1046 2434 1184 2464 alienam
1219 2444 1284 2463 esse
1318 2433 1540 2462 animadvertit

880 2477 1042 2507 Drakenb.
1067 2477 1105 2507 cf.
1114 2487 1197 2514 supr.
1209 2476 1227 2505 i.
1242 2485 1268 2513 3.
1294 2475 1346 2504 ubi
1361 2485 1452 2504 voces
1467 2476 1542 2505 colle

877 2523 908 2549 et
924 2520 1005 2555 colli,
1018 2519 1119 2548 verbis
1133 2518 1306 2547 admodum
1324 2517 1433 2555 paucis
1449 2516 1542 2546 inter-

878 2561 976 2596 iectis,
997 2560 1151 2599 repetitae
1169 2560 1240 2589 viris
1256 2559 1356 2589 doctis
1375 2559 1541 2598 displicue-

881 2606 962 2632 runt.

926 2654 939 2673 2
964 2646 1054 2675 Haec
1078 2645 1197 2675 oet-ulla
1221 2645 1255 2673 in
1270 2645 1409 2682 fraude]
1438 2644 1489 2674 Ita
1503 2644 1543 2673 ab

880 2686 1012 2716 occultis
1035 2686 1156 2716 insidiis
1178 2686 1332 2716 hactenus
1354 2686 1443 2716 nobis
1462 2686 1543 2716 eavi-

883 2739 963 2765 muS,
987 2729 1099 2767 quibus
1122 2729 1271 2768 quoniam
1301 2738 1411 2768 parum
1438 2739 1543 2758 succe-

884 2771 928 2801 ‹llt
948 2795 953 2802 .
972 2795 978 2801 .
997 2796 1003 2801 .

957 187 968 204 ‘
984 181 1142 221 Urbem
1174 195 1392 234 arcemque
1423 194 1518 219 snae
1537 186 1577 259 ξῐ.
1594 188 1631 259 (Ω.
1655 189 1724 225 538.

1507 252 1515 275 l
1534 245 1543 259 1
1565 254 1571 260 .
1614 231 1630 260 ’.
1656 239 1724 266 2¹4-

156 1386 257 1426 catis
296 1385 506 1433 militibus,
543 1383 708 1424 ‘Credo
745 1399 821 1432 cogo
857 1397 927 1422 vos
958 1381 1132 1429 audisse,
1168 1380 1343 1428 militeS,’
1380 1379 1660 1433 inquit,1‘inarii

1545 1431 1680 1460 Hennae

1544 1472 1694 1512 praefecti

1544 1515 1642 1545 oratio
1659 1515 1699 1544 ad
