1877 3178
146 215 190 246 U.
208 216 245 246 C.
268 224 342 256 545.

144 257 183 287 A.
208 258 245 288 C.
269 265 338 296 207.

141 831 237 861 Clam
253 830 299 860 in—

140 871 282 910 greditur

142 917 246 942 castra
261 912 314 943 Li-

143 954 195 985 vii.

141 1052 321 1082 Consilium

140 1093 295 1125 habitum.

140 1557 228 1587 Nero
244 1567 315 1587 cen-

139 1602 187 1628 set
202 1599 309 1628 statim

138 1641 321 1670 exeundum

139 1680 171 1710 in
187 1681 299 1713 aciem.

197 2383 265 2422 47.

136 2437 322 2468 Hasdruba-

136 2478 174 2524 lis
188 2480 324 2517 pruden-

134 2523 189 2550 tia.

352 123 434 163 394
862 120 1009 164 ΤΙΤΙ
1050 120 1227 164 LIVII

350 210 511 250 bunum
552 210 756 258 tribunus,
798 211 987 251 centurio
1027 211 1327 259 centurionem,
1365 225 1493 265 eques
1532 211 1730 266 equitem,

351 265 480 321 pedes
500 265 685 321 peditem
707 266 922 320 acciperet.
986 266 1138 320 Neque
1161 267 1273 306 enim
1295 265 1455 306 dilatari
1478 275 1608 307 castra
1628 282 1731 322 opus

351 336 452 371 esse,
473 337 527 362 ne
549 322 677 361 hostis
698 322 925 362 adventum
946 321 1113 362 alterius
1134 322 1314 362 consulis
1334 322 1528 362 sentiret:
1555 331 1597 362 et
1617 337 1732 363 coar-

352 378 452 418 tatio
481 377 664 432 plurium
695 378 738 417 in
769 386 945 431 angusto
976 377 1241 418 tendentium
1271 378 1430 417 facilior
1458 378 1598 417 futura
1629 386 1729 426 erat,

352 433 466 488 quod
485 433 741 474 Claudianus
763 433 970 473 exercitus
987 432 1092 472 nihil
1108 433 1250 480 ferme,
1269 441 1432 487 praeter
1448 448 1571 480 arma,
1590 448 1730 473 secum

351 489 395 528 in
426 489 738 544 expeditionem
767 488 928 528 tulerat.
994 488 1194 528 Ceterum
1215 488 1260 542 in
1281 488 1370 542 ipso
1390 488 1539 528 itinere
1561 496 1730 528 auctum

351 544 591 584 voluntariis
612 559 762 598 agmen
783 553 870 584 erat
887 559 896 591 ;
930 544 1200 584 offerentibus
1220 557 1308 583 sese
1329 543 1437 584 ultro
1459 552 1501 583 et
1520 544 1730 584 veteribus

351 600 550 640 militibus
571 600 797 654 perfunctis
817 600 900 639 iam
921 599 1080 647 militia,
1104 607 1146 639 et
1166 599 1397 646 iuvenibus,
1416 614 1520 654 quos
1541 600 1730 640 certatim

350 656 521 696 nomina
541 655 699 704 dantes,
718 656 751 695 si
773 670 950 709 quorum
971 655 1154 709 corporis
1175 656 1332 709 species
1353 655 1562 709 roburque
1578 655 1729 695 virium

350 719 493 765 aptum
514 711 685 751 militiae
706 711 936 759 videbatur,
959 711 1266 764 conscripserat.
1328 710 1400 750 Ad
1425 710 1577 751 Senam
1598 719 1730 751 castra

350 767 518 807 alterius
552 767 732 806 consulis
764 774 907 807 erant:
946 775 988 806 et
1018 767 1269 820 quingentos
1299 766 1427 806 ferme
1458 766 1556 806 inde
1586 781 1729 821 passus

351 821 590 862 Hasdrubal
620 823 770 863 aberat.
832 822 980 876 Itaque
1002 836 1132 876 quum
1163 822 1244 861 iam
1275 822 1638 877 appropinquaret,
1666 830 1728 863 te-

350 886 440 918 ctus
468 879 678 918 montibus
703 878 884 918 substitit
906 877 1034 925 Nero,
1057 892 1110 917 ne
1133 886 1227 917 ante
1250 886 1416 918 noctem
1438 886 1569 918 castra
1588 878 1728 932 ingre-

349 933 526 974 deretur.
575 933 750 973 Silentio
772 933 956 987 ingressi,
975 934 1025 973 ab
1042 933 1105 972 sui
1122 933 1298 987 quisque
1317 933 1472 973 ordinis
1489 933 1726 974 hominibus

349 989 393 1028 in
425 989 603 1029 tentoria
634 989 816 1037 abducti,
850 1003 945 1029 cum
984 1003 1145 1028 summa
1179 989 1366 1028 omnium
1401 989 1558 1030 laetitia
1588 989 1727 1044 hospi-

348 1044 485 1084 taliter
505 1044 782 1098 excipiuntur.
845 1044 1017 1084 Postero
1038 1044 1106 1083 die
1129 1044 1347 1084 consilium
1372 1044 1572 1093 habitum,
1595 1046 1663 1085 cui
1684 1053 1726 1085 et

348 1100 397 1140 L.
417 1100 588 1140 Porcius
610 1099 783 1139 Licinus
803 1108 968 1154 praetor
988 1099 1115 1139 affuit.
1181 1099 1329 1139 Castra
1348 1100 1489 1140 iuncta
1509 1101 1725 1141 consulum

347 1155 488 1196 castris
523 1155 727 1195 habebat:
766 1163 808 1195 et
840 1163 936 1194 ante
970 1154 1194 1194 adventum
1227 1169 1383 1203 eorum,
1416 1170 1491 1210 per
1525 1156 1615 1196 loca
1643 1157 1727 1197 alta

347 1211 541 1252 ducendo
562 1211 805 1259 exercitum,
828 1225 957 1265 quum
986 1210 1111 1250 modo
1139 1210 1338 1251 insideret
1366 1219 1560 1265 angustos
1586 1212 1724 1261 saltus,

347 1276 393 1308 ut
425 1267 642 1308 transitum
670 1266 893 1314 clauderet,
916 1266 1040 1306 modo
1067 1266 1118 1306 ab
1145 1266 1271 1306 latere
1301 1275 1372 1306 aut
1404 1268 1455 1307 ab
1488 1276 1605 1323 tergo
1637 1283 1725 1308 car-

345 1332 465 1379 peret
504 1338 666 1379 agmen,
707 1322 943 1362 ludificatus
987 1321 1149 1362 hostem
1194 1323 1386 1362 omnibus
1428 1323 1582 1363 artibus
1625 1323 1725 1364 belli

345 1380 490 1420 fuerat.
552 1379 593 1420 Is
614 1388 703 1420 tum
730 1379 775 1419 in
803 1378 974 1420 consilio
999 1377 1150 1418 aderat.
1214 1377 1447 1418 Multorum
1475 1394 1524 1420 eo
1551 1379 1725 1420 inclina—

346 1437 447 1476 bant
480 1436 723 1485 sententiae,
757 1444 816 1484 ut,
853 1436 954 1476 dum
989 1434 1141 1475 sessum
1176 1434 1242 1475 via
1273 1450 1319 1475 ac
1354 1434 1504 1490 vigiliis
1535 1436 1724 1477 reficeret

347 1491 522 1531 militem
544 1492 672 1541 Nero,
696 1492 819 1532 simul
846 1501 888 1532 et
916 1491 969 1531 ad
996 1491 1253 1532 noscendum
1280 1492 1440 1532 hostem
1468 1506 1621 1547 paucos
1646 1492 1724 1532 sibi

347 1556 528 1588 sumeret
543 1548 645 1596 dies,
664 1557 826 1602 tempus
843 1563 1006 1602 pugnae
1024 1548 1268 1588 differretur.
1318 1547 1433 1588 Nero
1449 1563 1534 1588 non
1550 1548 1723 1588 suadere

348 1603 484 1651 modo,
506 1604 578 1643 sed
606 1619 767 1643 summa
794 1619 871 1658 ope
901 1619 1014 1643 orare
1045 1604 1205 1651 institit,
1239 1609 1250 1626 ⁶
1265 1618 1317 1643 ne
1343 1604 1561 1644 consilium
1588 1618 1722 1653 suurn,

350 1659 490 1713 ‘quod
519 1667 654 1698 tutum
684 1659 868 1699 celeritas
896 1659 1071 1707 fecisset,
1094 1660 1357 1699 temerarium
1389 1659 1588 1700 morando
1615 1659 1721 1700 face-

348 1720 360 1737 ‘
374 1723 479 1754 rent.
542 1714 706 1763 Errore,
729 1715 801 1768 qui
829 1730 913 1754 non
934 1715 1156 1754 diuturnus
1177 1715 1339 1755 futurus
1367 1724 1485 1764 esset,
1507 1715 1621 1756 velut
1641 1724 1723 1756 tor·
1739 1730 1756 1763 7

348 1776 360 1793 ⁶
377 1779 546 1825 pentem
584 1770 879 1818 Hannibalem,
916 1784 993 1810 nec
1034 1778 1164 1810 castra
1204 1785 1277 1810 sua
1315 1771 1402 1810 sine
1439 1771 1545 1811 duce
1583 1771 1724 1811 relicta

347 1832 359 1849 ‘
374 1827 556 1881 aggredi,
574 1841 651 1866 nec
673 1826 725 1866 ad
745 1825 1005 1880 sequendum
1027 1840 1068 1866 se
1090 1826 1170 1865 iter
1190 1825 1427 1866 intendisse.
1476 1826 1722 1881 Antequam

348 1887 359 1904 ‘
375 1897 417 1922 se
446 1891 620 1930 moveat,
643 1882 773 1922 deleri
801 1882 1030 1922 exercitum
1054 1881 1325 1922 Hasdrubalis
1346 1897 1478 1937 posse,
1501 1882 1721 1937 redireque

347 1938 417 1977 ‘in
439 1938 650 1992 Apuliam.
716 1938 802 1985 Qui
832 1938 1076 1992 prolatando
1103 1938 1284 1992 spatium
1313 1938 1421 1978 hosti
1449 1938 1532 1986 det,
1555 1953 1652 1978 eum
1680 1946 1723 1979 et

347 1993 443 2033 ‘illa
472 2002 603 2033 castra
632 1993 807 2048 prodere
830 1993 1070 2042 Hannibali,
1093 2002 1136 2033 et
1166 1993 1324 2048 aperire
1353 1994 1397 2033 in
1421 1993 1601 2034 Galliam
1628 1994 1753 2043 iter,8

346 2055 420 2088 ‘ut
455 2064 529 2103 per
563 2050 706 2097 otium,
739 2049 810 2089 ubi
844 2049 956 2098 velit,
990 2049 1242 2089 Hasdrubali
1277 2050 1563 2104 coniungatur.
1634 2049 1722 2089 Ex-

346 2110 357 2127 ‘
374 2105 530 2158 templo
551 2105 715 2159 signum
736 2105 933 2153 dandum,
957 2114 999 2145 et
1019 2104 1259 2145 exeundum
1284 2105 1328 2145 in
1353 2105 1512 2145 aciem:
1546 2105 1752 2152 abuten—9

346 2166 357 2183 ‘
372 2160 556 2214 dumque
579 2175 714 2200 errore
739 2161 920 2200 hostium
942 2161 1174 2200 absentium
1195 2161 1558 2214 praesentiumque
1575 2176 1585 2208 ;
1619 2161 1721 2201 dum

345 2221 357 2238 ⁶
372 2231 509 2269 neque
531 2216 591 2255 illi
612 2216 742 2255 sciant
763 2230 857 2255 cum
879 2216 1154 2269 paucioribus,
1176 2230 1254 2255 nec
1279 2216 1323 2256 hi
1347 2231 1442 2255 cum
1466 2216 1653 2270 pluribus
1678 2224 1721 2257 et

345 2278 357 2294 ‘
373 2271 638 2311 validioribus
665 2285 752 2310 rem
779 2271 892 2310 esse.’
954 2270 1141 2310 Consilio
1162 2271 1344 2319 dimisso,
1366 2271 1530 2325 signum
1554 2286 1719 2327 pugnae

343 2327 601 2381 proponitur,
624 2326 923 2379 confestimque
946 2326 989 2364 in
1011 2326 1143 2365 aciem
1164 2326 1407 2380 procedunt.

400 2382 489 2422 Iam
510 2382 648 2421 hostes
669 2390 764 2421 ante
782 2389 913 2421 castra
932 2381 1122 2421 instructi
1143 2382 1317 2422 stabant.
1365 2381 1532 2422 Moram
1551 2397 1718 2437 pugnae

343 2438 491 2486 attulit,
515 2437 628 2492 quod
654 2436 1149 2491 Hasdrubal,-p1·ovectus
1180 2445 1275 2476 ante
1306 2437 1423 2491 signa
1452 2452 1547 2477 cum
1577 2439 1718 2493 paucis

391 2590 406 2621 7
429 2584 562 2618 Errore,
586 2584 641 2622 qui
668 2592 731 2612 non
757 2583 932 2612 diuturnus
948 2606 955 2613 .
972 2606 979 2612 .
997 2605 1004 2612 .
1092 2584 1110 2612 8
1133 2584 1197 2613 Illa.
1213 2584 1334 2620 casto-a]
1353 2584 1466 2614 Castra
1481 2594 1563 2623 quae
1578 2584 1611 2614 in
1627 2585 1717 2624 Apu-

340 2625 434 2660 esset]
464 2624 642 2654 Admiratio
664 2628 811 2653 movetur
833 2623 1005 2660 Crevieri0‚
1050 2624 1093 2653 lia
1108 2624 1182 2660 sint,
1197 2625 1308 2654 relicta
1323 2634 1343 2654 a
1359 2625 1498 2656 Nerone.

341 2666 500 2701 quomodo
528 2665 693 2694 Hannibal
725 2674 762 2694 eo
790 2674 890 2702 usque
917 2665 1003 2694 (lelu-
1091 2674 1110 2703 9
1132 2666 1398 2705 Abutendumque
1412 2667 1534 2703 errore]
1571 2666 1715 2696 Verbmn

341 2714 393 2733 sus
412 2705 462 2739 sit,
477 2707 577 2735 donee
596 2706 683 2734 Nero
701 2705 783 2735 victo
801 2705 1004 2735 Hasdrubale
1048 2707 1137 2735 abuti
1162 2706 1214 2735 hic
1241 2711 1273 2737 et
1295 2707 1372 2737 alibi
1395 2707 1427 2737 in
1450 2708 1566 2737 bonam
1590 2710 1713 2745 partem

340 2745 371 2773 in
389 2750 490 2774 castra
506 2756 562 2775 sua
576 2746 712 2776 redierit.
758 2747 820 2776 Sed
844 2747 923 2776 haec
939 2756 1004 2776 ma-
1048 2747 1191 2777 sumitur.

340 2785 386 2822 gis
401 2786 552 2815 oratorice
568 2787 654 2815 dicta
669 2791 750 2817 sunt.
