1877 3178
364 94 443 131 144
866 87 1013 129 TITI
1050 85 1228 128 LIVII

153 192 197 223 U.
214 192 252 222 C.
275 178 509 230 536-Stib1110
523 178 659 219 curiae
673 177 968 233 profuderunt)
981 177 1194 231 ingentem
1210 175 1532 215 misericordiam
1549 173 1741 215 Patribus

152 235 191 265 A.
216 235 252 264 C.
276 233 345 264 ²1⁶-
359 251 405 277 ac
421 235 577 291 populo
604 243 833 275 moverunt.
899 233 1176 287 Consultique
1199 232 1349 272 iterum
1371 247 1394 271 a
1415 231 1487 271 M'.
1507 231 1742 286 Pomponio

358 301 546 349 praetore
564 290 1032 345 Patres,circumspectis
1047 289 1239 329 omnibus
1260 288 1422 343 imperii
1438 288 1605 336 viribus,
1623 286 1742 327 fateri

359 350 505 399 coacti,
522 348 628 389 nihil
649 349 731 388 iam
751 347 990 401 longinquis
1007 345 1126 386 sociis
1148 345 1191 384 in
1213 360 1255 386 se
1272 344 1467 400 praesidii
1489 359 1588 393 esse,
1606 343 1741 384 redire

360 406 545 454 domum,
564 405 731 459 fideque
749 404 802 444 ad
819 404 1011 443 ultimum
1026 402 1205 457 expleta,
1220 401 1435 441 consulere
1450 401 1614 441 sibimet
1634 400 1743 455 ipsos

361 463 406 503 in
434 462 642 517 reliquum
673 461 878 516 praesenti
909 460 1074 500 fortuna
1094 459 1312 498 iusserunt.
1376 457 1494 497 Haec
1523 466 1776 512 postquamss

361 519 599 560 renuntiata
623 518 774 573 legatio
800 516 1000 557 Petelinis
1022 524 1096 563 est,
1119 523 1258 555 tantus
1279 522 1449 569 repente
1482 528 1642 554 maeror
1671 528 1745 568 pa-

307 628 312 634 .
361 591 517 631 vorque
539 583 729 616 senatum
750 588 893 614 eorum
915 573 1036 627 cepit,
1055 580 1101 612 ut
1121 587 1214 626 pars
1235 570 1513 626 profugiendi,
1529 585 1612 625 qua
1633 570 1745 624 quis-

222 1035 288 1071 21.

160 1089 270 1119 Status
285 1098 329 1117 re-

158 1141 228 1159 rum
246 1130 278 1160 in
295 1130 340 1159 Si-

159 1172 241 1202 cilia.

165 1717 267 1747 Hiero
283 1717 337 1746 ad-

166 1760 253 1789 iuvat
270 1759 335 1788 Ro-

165 1810 286 1831 manos.

167 1886 341 1918 Triumviri

168 1928 326 1959 mensarii.

362 648 444 688 que
486 641 635 687 posset,
673 646 719 670 ac
760 629 1012 670 deserendae
1054 629 1165 668 urbis
1206 637 1392 668 auctores
1433 635 1570 667 esseut
1583 642 1593 675 3
1637 641 1744 681 pars,

363 689 532 744 quando
572 687 723 728 deserti
765 702 789 726 a
821 686 1028 726 veteribus
1063 685 1182 725 sociis
1222 692 1371 733 essent,
1405 683 1662 738 adiungendi
1702 698 1744 723 se

363 746 510 786 ceteris
532 745 718 792 Bruttiis,
737 759 782 784 ac
799 758 873 798 per
886 758 955 783 cos
972 742 1155 782 dedendi
1174 741 1412 781 Hannibali.
1475 740 1589 780 Vicit
1606 748 1746 780 tamen

364 818 412 843 ea
433 817 538 857 pars,
562 817 667 856 quae
690 800 792 840 nihil
820 800 970 854 raptim
992 814 1069 838 nec
1095 808 1248 838 temere
1281 797 1503 853 agendum,
1526 796 1747 837 consulen-

364 859 549 913 dumque
586 858 638 897 de
675 857 837 912 integro
870 856 1042 896 censuit.
1107 855 1170 895 Re
1204 855 1341 894 laxata
1372 863 1536 909 postero
1572 853 1639 894 die
1672 866 1779 907 per9

365 916 569 955 minorem
598 913 918 968 trepidationem
946 920 1171 952 tenuerunt
1203 912 1434 966 optimates,
1458 919 1516 959 ut,
1539 909 1748 951 convectis

367 971 558 1012 omnibus
580 986 632 1011 ex
653 971 773 1025 agriS,
796 970 940 1009 urbem
962 984 1008 1009 ac
1030 983 1168 1008 muros
1190 968 1412 1008 firmarent.

424 1028 506 1068 Per
526 1028 638 1067 idem
659 1027 743 1066 fere
766 1035 930 1080 tempus
950 1025 1093 1065 literae
1122 1040 1174 1064 ex
1200 1024 1340 1064 Sicilia
1364 1024 1637 1079 Sardiniaque
1661 1023 1750 1063 Ro-

368 1099 478 1124 mam
499 1083 655 1123 allatae.
718 1082 882 1122 Priores
904 1097 955 1121 ex
981 1081 1120 1121 Sicilia
1148 1081 1197 1120 T.
1219 1080 1387 1121 Otacilii
1408 1080 1683 1135 propraetoris
1705 1081 1750 1120 in

368 1148 515 1181 senatu
535 1140 728 1179 recitatae
747 1147 864 1178 sunt:
901 1143 911 1160 ⁶
928 1138 975 1177 P.
994 1137 1166 1177 Furium
1183 1146 1414 1192 praetorem
1437 1152 1531 1177 cum
1549 1137 1675 1177 classe
1697 1151 1750 1177 ex

369 1202 381 1220 ⁶
397 1196 541 1237 Africa
561 1195 810 1251 Lilybaeum
824 1194 1007 1234 venisse:
1042 1193 1177 1248 ipsum
1199 1194 1377 1248 graviter
1396 1193 1581 1233 saucium
1602 1194 1647 1233 in
1668 1193 1751 1234 dis-

369 1259 380 1277 ⁶
396 1253 569 1293 crimine
592 1252 740 1292 ultimo
753 1251 862 1291 vitae
885 1265 984 1290 esse.
1048 1249 1179 1290 Militi
1193 1258 1234 1290 et
1250 1250 1462 1290 navalibus
1479 1250 1599 1290 sociis
1612 1264 1750 1305 neque

369 1316 381 1334 ⁶
397 1309 665 1365 stipendium,
684 1323 821 1362 neque
838 1308 1095 1347 frumentum
1116 1307 1169 1347 ad
1185 1306 1297 1347 diem
1319 1306 1431 1355 dari;
1464 1322 1615 1361 neque,
1638 1307 1752 1347 unde

370 1373 382 1391 ⁶
395 1367 528 1415 detur,
567 1381 665 1406 esse.
729 1364 988 1419 Blagnopere
1022 1363 1210 1412 suadere,
1244 1372 1291 1403 ut
1323 1378 1449 1418 quam
1488 1364 1669 1418 primum
1704 1378 1753 1403 ea

371 1423 638 1470 ‘mittantur3
672 1421 846 1476 sibique,
876 1422 908 1460 si
942 1421 999 1461 ita
1028 1421 1228 1469 videatur,
1263 1435 1317 1460 ex
1348 1420 1465 1460 novis
1497 1420 1753 1475 praetoribus

371 1486 383 1504 ⁶
396 1493 672 1520 successorem
693 1478 887 1518 mittant.⁹
947 1477 1191 1531 Eademque
1212 1477 1340 1517 ferme
1366 1477 1418 1517 de
1440 1477 1649 1532 stipendio
1669 1476 1755 1516 fru-

371 1544 597 1590 mentoque
616 1536 666 1575 ab
682 1535 733 1574 A.
754 1533 952 1574 Cornelio
970 1533 1202 1574 Mammula
1215 1543 1478 1589 propraetore
1495 1549 1548 1574 ex
1565 1533 1755 1574 Sardinia

371 1593 535 1648 scripta.
598 1592 862 1646 Responsum
890 1591 1089 1645 utrisque,
1118 1606 1203 1630 non
1231 1606 1330 1639 esse,
1354 1591 1466 1630 unde
1495 1591 1751 1631 mitteretur:

372 1650 557 1704 iussique
598 1649 677 1703 ipsi
717 1648 912 1688 classibus
947 1656 1072 1701 atque
1114 1647 1364 1687 exercitibus
1409 1647 1491 1687 suis
1527 1646 1752 1687 consulere.

374 1706 424 1747 T.
444 1705 658 1753 Otacilius,
674 1704 727 1745 ad
739 1704 910 1744 unicum
927 1703 1155 1743 subsidium
1169 1703 1312 1758 populi
1328 1703 1507 1743 Romani
1523 1703 1755 1744 Hieronem

373 1763 530 1818 legatos
561 1777 691 1817 quum
722 1761 908 1809 misisset,
930 1760 974 1800 in
1005 1760 1271 1814 stipendium,
1295 1760 1441 1814 quanti
1462 1761 1622 1814 argenti
1652 1774 1756 1814 opus

374 1820 464 1868 fuit,
487 1827 529 1859 et
549 1834 622 1859 sex
643 1818 848 1858 mensium
865 1817 1122 1856 frumentum
1143 1816 1313 1871 accepit.
1379 1816 1577 1857 Cornelio
1593 1816 1639 1856 in
1662 1816 1758 1857 Sar-

375 1876 490 1917 dinia
510 1875 694 1915 civitates
711 1874 843 1914 sociae
865 1874 1045 1928 benigne
1068 1873 1345 1913 contulerunt.
1408 1872 1462 1912 Et
1478 1873 1637 1913 Romae
1653 1889 1759 1928 quo-

376 1948 457 1987 que
478 1940 647 1987 propter
666 1931 880 1986 penuriam
905 1930 1064 1984 argenti
1086 1930 1288 1970 triumviri
1317 1930 1521 1977 mensarii,
1543 1931 1755 1984 rogatione
1775 1949 1786 1969 t

377 1989 439 2029 M.
459 1988 640 2028 Minucii
674 1987 827 2028 tribuni
861 1987 1004 2042 plebis,
1040 1986 1149 2035 facti,
1184 1986 1233 2026 L.
1254 1986 1461 2026 Aemilius
1496 1986 1648 2041 Papus,
1685 1986 1758 2041 qui

377 2044 521 2086 consul
557 2059 786 2099 censorque
817 2043 962 2092 fuerat,
995 2051 1036 2083 et
1073 2043 1134 2083 M.
1161 2042 1316 2083 Atilius
1349 2042 1550 2097 Regulus,
1583 2043 1656 2098 qui
1695 2043 1758 2083 bis

377 2101 521 2142 consul
542 2101 688 2149 fuerat,
711 2110 752 2140 et
774 2100 823 2140 L.
847 2099 1085 2140 Scribonius
1107 2099 1227 2147 Libo,
1251 2099 1323 2153 qui
1349 2107 1438 2139 tum
1460 2099 1650 2139 tribunus
1671 2099 1760 2154 ple-

376 2159 439 2199 bis
461 2167 559 2198 erat.
622 2157 677 2197 Et
698 2157 908 2197 duumviri
936 2156 1075 2205 creati,
1100 2155 1160 2196 M.
1180 2165 1221 2195 et
1246 2155 1294 2195 C.
1314 2155 1449 2203 Atilii,
1472 2155 1619 2195 aedem
1644 2155 1759 2196 Con—

378 2214 555 2262 cordiae,
588 2229 713 2268 quam
751 2213 799 2253 L.
825 2212 1010 2253 Manlius
1044 2220 1209 2266 praetor
1238 2220 1415 2260 voverat,
1448 2211 1758 2252 dedicaverunt.

380 2271 437 2311 Et
453 2279 534 2310 tres
550 2270 768 2325 pontifices
789 2269 927 2317 creati,
949 2268 1003 2316 Q.
1022 2268 1228 2308 Caecilius
1250 2267 1461 2316 Metellus,
1477 2276 1519 2308 et
1539 2268 1590 2315 Q.
1608 2268 1761 2309 Fabius

380 2327 605 2374 NIaximus,
641 2336 682 2366 ct
726 2325 778 2373 Q.
797 2325 967 2365 Fulvius
1008 2324 1192 2374 Flaccus,
1229 2325 1272 2364 in
1312 2324 1450 2365 locum
1491 2325 1537 2364 P.
1558 2324 1761 2365 Scantinii

380 2383 600 2431 demortui,
624 2391 664 2422 et
693 2382 742 2422 L.
763 2382 936 2422 Aemilii
966 2381 1103 2421 Paulli
1134 2381 1325 2429 consulis,
1348 2389 1390 2421 et
1422 2380 1474 2428 Q.
1493 2381 1605 2421 Aelii
1626 2381 1758 2430 Paeti,

382 2441 454 2495 qui
475 2439 711 2480 ceciderant
733 2454 875 2494 pugna
898 2438 1122 2478 Cannensi.

425 2588 443 2615 8
467 2589 509 2616 Ῑη
531 2589 689 2627 reliquum
709 2589 872 2626 praesenti
890 2587 1046 2625 fortuna]
1094 2588 1208 2616 artiori
1230 2597 1378 2617 annonae
1401 2586 1471 2617 infr.
1491 2586 1576 2616 xxvi.
1594 2595 1642 2616 20.
1663 2596 1761 2624 oppo-

385 2628 438 2656 Ita
452 2628 591 2658 Gronov.
606 2630 658 2658 sed
673 2629 811 2659 Crevier.
842 2631 875 2658 in
892 2630 1049 2668 reliquum
1094 2629 1188 2658 nitur.

385 2669 597 2699 omittendum
615 2671 677 2700 tide
695 2672 776 2709 plur.
794 2671 865 2701 edd.
883 2674 1002 2701 censet.
1145 2680 1156 2700 Ι
1191 2672 1364 2700 Trhmwirz'
1388 2670 1554 2706 mensarii]
1592 2669 1683 2707 Supr.
1708 2669 1760 2700 vii.

410 2720 445 2756 '9
468 2711 515 2740 Re
531 2712 656 2749 laxata]
694 2714 744 2741 Re
761 2713 824 2742 iam
842 2713 940 2751 magis
956 2723 1050 2751 expe·
1096 2723 1144 2742 21.
1161 2714 1365 2752 quinqueviri
1380 2713 1531 2742 *nzensarii
1548 2710 1643 2740 creati
1660 2715 1761 2747 erant,

386 2752 463 2785 dita,
480 2761 560 2789 quae
575 2756 643 2782 arta
659 2758 689 2782 et
705 2758 837 2792 angusta
853 2755 965 2784 fuerat.
1005 2754 1050 2784 Si-
1095 2754 1149 2783 ubi
1183 2758 1214 2783 et
1249 2753 1409 2792 negotium
1440 2763 1549 2782 eorum
1579 2753 1759 2790 exponitur.

386 2793 504 2821 militer
534 2795 636 2822 [rarior
665 2806 794 2825 flanona
825 2806 909 2833 supr.
941 2796 971 2824 ii.
1001 2805 1049 2832 52.
1096 2796 1235 2826 STROTH.
