1809 3178
503 103 626 145 LIB.
662 101 784 143 XXI.
828 101 973 142 CAP.
1014 106 1074 142 lt).
1459 105 1481 139 9

102 195 312 250 utrimque
344 195 598 249 pugnabant,
622 209 672 233 co
700 191 838 247 plures
870 191 1206 235 vulnerabantur,
1230 189 1344 228 nullo
1376 190 1483 229 inter
1503 197 1597 226 1’.(“.
1617 206 1686 233 §.5⁴-

70 267 215 302 9arma
254 266 508 306 corporaque
550 265 655 290 vano
697 248 970 289 intercidente
1012 247 1106 287 telo.
1178 246 1359 285 l⁴'alarica
1397 241 1536 286 erat‘l·
1562 240 1598 267 ‘3
1621 242 1687 267 ²¹³·

105 309 358 362 Saguntinis,
382 307 531 348 missile
565 306 691 347 telum
726 305 858 345 hastili
890 304 1080 357 abiegno,
1113 315 1155 343 ct
1185 313 1321 343 cetera
1353 303 1484 349 tereti,

102 374 390 429 praeterquam
409 365 461 405 ad
475 373 722 411 extremum,
739 362 849 402 unde
866 362 1019 401 ferrum
1042 361 1240 400 exstabat.
1306 358 1367 405 ld,
1383 359 1489 399 sicut

103 437 145 461 1n
168 421 265 476 pilo,
281 422 528 476 quadratum
551 429 701 475 stuppa
717 418 1073 469 circumligabant,
1094 417 1363 470 linebantque
1383 416 1485 470 pice.

76 499 86 518 ι
105 478 275 519 Ferrum
307 488 446 518 autem
478 487 558 517 tres
588 477 757 531 longmn
790 476 965 515 babebat
999 474 1138 529 pedes,
1164 483 1208 513 ut
1236 488 1331 513 cum
1364 473 1486 512 armis

103 536 344 589 transfigere
366 549 513 589 corpus
526 544 675 589 posset.
741 532 823 573 Sed
840 532 880 571 id
904 533 1096 579 maxime,
1112 530 1272 571 etiamsi
1292 530 1487 569 haesisset

104 592 146 632 in
183 601 311 641 scuto,
350 606 426 632 nce
468 599 722 646 penetrasset
764 590 805 629 iu
847 604 1007 643 corpus,
1046 603 1238 643 pavorem
1281 587 1484 633 faeiebat;

103 649 230 703 quod,
253 664 382 703 quum
414 648 598 688 medium
627 661 847 687 accensum
880 647 1125 693 mitteretur,
1152 653 1486 699 conceptumque

103 706 193 761 ipso
215 714 329 745 motu
347 705 477 745 multo
494 705 691 745 maiorem
710 704 850 757 ignem
866 703 1003 751 ferret,
1019 717 1131 742 arma
1152 701 1286 741 ‹nnitti
1301 701 1487 753 cogebat,

104 762 349 817 nudumque
367 762 541 803 militem
564 761 616 802 ad
632 762 899 815 insequentes
915 760 1019 800 ictus
1040 759 1275 814 praebebat.
1343 754 1488 804 Quum
1579 764 1614 800 9,

103 819 177 860 diu
213 834 364 875 anceps
398 819 541 859 fuisset
573 827 797 866 certamen,
831 826 873 857 ct
910 816 1164 871 Saguntinis,
1199 815 1296 870 quia
1329 823 1491 869 practer

103 891 220 931 spem
266 877 515 924 resisterent,
563 875 788 916 crevissent
835 874 989 921 animi3
1038 873 1218 919 Poenus,
1262 872 1359 927 quia
1406 886 1491 911 non

104 933 279 982 vicisset,
297 948 372 989 pro
388 933 497 973 victo
508 941 613 973 essct
630 948 638 972 :
672 931 895 972 clamorem
913 939 1083 986 repente
1107 929 1306 985 oppidani
1325 928 1490 975 tollunt,

104 989 350 1045 hostemque
372 990 415 1029 iu
436 990 576 1030 ruinas
589 989 696 1029 muri
718 987 957 1042 expellunt3
991 987 1088 1027 inde
1104 986 1350 1041 impeditum
1367 985 1493 1040 trepi-

104 1046 359 1102 dantemque
409 1047 657 1094 exturbant3
709 1053 917 1102 postremo
956 1045 1093 1084 fusum
1134 1044 1406 1097 fugatumque
1449 1042 1490 1081 in

105 1113 236 1144 castra
251 1104 457 1159 redigunt.

163 1160 337 1201 Interim
359 1161 410 1201 ab
434 1160 571 1200 Roma
598 1160 755 1214 legatos
775 1159 935 1199 venisse
958 1158 1196 1198 nuntiatum
1223 1166 1305 1196 cst:
1341 1156 1490 1210 quibus
1507 1162 1672 1192 Hannibal

106 1218 270 1258 obviam
291 1218 343 1257 ad
365 1232 476 1257 mare
499 1217 610 1256 missi
632 1217 683 1256 ab
708 1215 959 1263 Hannibale,
982 1215 1055 1269 qui
1077 1214 1277 1261 dicerent,
1302 1228 1378 1252 nec
1402 1221 1490 1252 tuto
1505 1205 1624 1276 ll‘t'ffistffl

107 1289 178 1315 eos
199 1274 383 1314 adituros
410 1274 519 1313 inter
550 1283 611 1313 tot
632 1282 715 1312 tam
737 1273 999 1312 efferatarum
1030 1271 1221 1326 gentium
1243 1284 1378 1309 arma:
1413 1256 1682 1318 nccgufl'fflt'ft‘fn

78 1354 94 1374 2
112 1330 353 1379 Hannibali,
368 1331 411 1370 in
434 1338 549 1370 tanto
571 1329 809 1369 discrimine
823 1343 974 1376 rerum,
994 1342 1141 1382 operae
1156 1341 1242 1366 esse
1265 1326 1491 1379 legationes

108 1388 262 1429 audire.
329 1387 581 1441 Apparebat,
615 1401 699 1425 non
735 1385 934 1425 admissos
969 1384 1158 1438 protinus
1192 1382 1491 1436 Carthaginem

107 1445 248 1485 ituros.
311 1444 474 1484 Literas
514 1443 641 1497 igitur
672 1442 926 1496 nuntiosque
969 1440 1021 1480 ad
1056 1439 1266 1495 principes
1302 1438 1491 1478 factionis

110 1501 312 1541 Barcinae
345 1500 586 1555 praemittit,
620 1506 667 1539 ut
701 1506 996 1553 praepararent
1031 1511 1199 1537 snorum
1233 1495 1404 1543 animos,
1438 1509 1490 1535 ne

79 1558 213 1613 3quid
245 1572 338 1613 pars
369 1556 496 1597 altera
525 1555 747 1611 gratificari
778 1570 853 1610 pro
888 1554 1088 1594 Romanis
1119 1562 1266 1608 posset.
1330 1551 1491 1606 Itaque,
1579 1552 1641 1589 10.

110 1623 400 1670 praeterquam
422 1613 536 1668 quod
563 1612 731 1652 admissi
752 1611 968 1666 auditique
991 1619 1099 1659 sunt,
1123 1625 1172 1650 ea
1199 1624 1367 1664 quoque
1389 1623 1493 1648 vana
1508 1606 1618 1643 Legati
1641 1649 1652 1658 Ἰ

110 1681 234 1727 atque
250 1671 363 1711 irrita
376 1670 527 1725 legatio
540 1669 628 1710 fuit.
693 1668 849 1709 Hanno
864 1683 970 1708 unus
985 1668 1155 1708 adverso
1170 1676 1316 1707 senatu
1330 1680 1493 1706 causam
1507 1649 1702 1720 ἓξιῖζῐῖζιὲῃῗῃ

110 1728 301 1776 foederis,
324 1742 475 1782 magno
496 1726 661 1767 silentio
682 1735 852 1781 propter
872 1725 1159 1766 auctoritatem
1181 1739 1309 1771 suam,
1327 1738 1412 1763 non
1434 1737 1495 1762 as-
1507 1716 1593 1763 euni.

111 1800 235 1826 sensu
265 1784 539 1832 audientium,
569 1783 664 1838 egit.
729 1789 740 1806 ⁶
758 1783 839 1823 Per
867 1782 978 1831 deos,
1000 1781 1216 1822 foederum
1245 1780 1418 1820 arbitros
1449 1774 1681 1834 acllfmnqnis

115 1848 126 1866 ‘
142 1850 279 1890 testes,
302 1841 523 1889 monuisse,
546 1840 799 1895 praedixisse
819 1855 876 1888 sc,
898 1854 951 1879 ne
983 1837 1232 1878 Hamilcaris
1252 1837 1494 1892 progeniem
1509 1822 1676 1889 ‘l'ffiffiiffi

115 1899 195 1939 ‘ad
223 1899 453 1939 exercitum
485 1898 709 1937 mitterent.
774 1895 874 1936 Non
906 1895 1069 1944 Manes,
1092 1910 1178 1935 non
1208 1890 1377 1949 stirpem
1409 1893 1497 1933 eius
1510 1902 1583 1931 lem.

116 1962 126 1980 ⁶
144 1956 438 2011 conquiescere
458 1954 558 1994 viri:
593 1969 671 1994 nec
694 1968 893 2008 unquam,
908 1953 1042 1993 donec
1064 1951 1277 2007 sanguinis
1298 1950 1499 1991 nominis-

84 2035 104 2061 4
118 2018 129 2037 ⁶
145 2028 227 2068 que
250 2012 419 2053 Barcini
440 2012 660 2067 quisquam
681 2010 871 2066 supersit,
889 2010 1082 2065 quietura
1105 2009 1297 2049 Romana
1316 2007 1496 2048 foedera.

118 2076 129 2094 ‘
147 2070 347 2110 Iuvenem
373 2070 616 2125 flagrantem
638 2068 835 2123 cupidine
858 2067 988 2122 regni,
1011 2067 1205 2121 viamque
1234 2079 1360 2105 unam
1383 2063 1434 2104 ad
1457 2063 1500 2104 id

119 2133 400 2175 ‘cernentem,
434 2126 467 2166 si
501 2140 553 2166 ex
588 2124 707 2166 bellis
746 2124 855 2165 bella
890 2123 1065 2165 serendo
1101 2122 1335 2163 succinctus
1378 2121 1501 2161 armis

119 2184 463 2239 ‘legionibusque
491 2183 613 2231 vivat,
642 2182 757 2222 velut
786 2181 1002 2222 materiam
1039 2180 1126 2236 igni
1156 2179 1415 2235 praebenteS,
1448 2177 1501 2217 ad

120 2247 131 2265 ‘
147 2241 354 2281 exercitus
394 2240 570 2280 misistis.
634 2238 811 2279 Aluistis
857 2253 956 2293 ergo
997 2237 1076 2278 hoc
1117 2235 1374 2284 incendium,
1417 2249 1500 2289 quo

120 2305 260 2338 ‘nunc
292 2297 455 2338 ardetis.
522 2296 755 2352 Saguntum
791 2296 913 2336 vestri
949 2293 1245 2335 circumsident
1281 2291 1501 2339 exercitus,

168 2461 187 2490 9
211 2451 378 2487 Falarica]
421 2450 532 2480 Genus
561 2450 629 2486 teli,
658 2449 788 2481 missile.
877 2459 891 2478 2
919 2450 1044 2487 Operae
1060 2448 1141 2483 esse]
1171 2448 1306 2483 Legatos
1330 2450 1437 2474 tamen
1461 2445 1501 2473 ab

122 2503 184 2531 quo
208 2496 341 2522 utuntur
363 2502 402 2521 ex
425 2492 508 2528 salis,
526 2492 558 2521 id
575 2497 633 2528 est,
649 2502 688 2520 ex
713 2491 789 2520 locis
833 2500 870 2520 co
897 2491 1050 2519 admissos
1076 2489 1172 2518 tradit
1200 2488 1269 2518 Pol.
1294 2487 1335 2516 iii.
1365 2497 1420 2525 153
1446 2487 1501 2516 sed

121 2534 290 2565 exstructis
305 2533 502 2563 dimicantes.
529 2534 662 2563 Fsssu-s.
833 2537 1004 2569 antequam
1029 2532 1205 2569 Saguntum
1233 2529 1409 2568 oppugnari
1434 2538 1502 2558 coe-

170 2587 180 2606 1
206 2578 342 2607 Ferrum
367 2580 473 2606 autem
495 2580 558 2605 tres
582 2576 709 2612 lonynm
734 2575 788 2603 lm-
834 2579 926 2612 ptum
943 2577 999 2602 cst.
1025 2573 1109 2602 ΒΗ).

123 2621 214 2650 hebal
226 2619 338 2657 pedes]
358 2616 503 2647 Falarica
519 2618 636 2646 ferrum
653 2616 791 2645 habebat
880 2624 896 2652 3
921 2615 1108 2653 Gratficari
1128 2624 1188 2652 pro
1211 2613 1379 2649 Romanis]
1415 2613 1504 2642 Inso-

123 2662 254 2700 longum
280 2665 343 2690 tres
369 2660 475 2699 pedes
522 2658 575 2689 Sic
602 2658 718 2697 passim
747 2658 790 2686 lo-
837 2658 904 2686 lens
927 2656 1006 2686 haec
1029 2656 1145 2686 dictio:
1173 2655 1327 2685 Perizonii
1345 2654 1505 2684 coniectu-

123 2703 232 2742 quitur
248 2702 368 2732 Livius.
407 2701 485 2732 Infr.
501 2702 548 2731 28.
564 2702 677 2731 Ratem
694 2710 790 2729 mmm
836 2709 915 2731 ram.
931 2700 1112 2737 ⁸qratificari
1130 2699 1250 2737 populo
1265 2699 1419 2734 Romano,
1436 2707 1505 2736 pro-

123 2747 272 2776 ducentes
294 2746 419 2784 lonyam
437 2744 542 2783 pedes.
564 2742 626 2772 viii.
655 2752 700 2773 10.
723 2743 791 2780 δίῃ·
837 2742 889 2771 hat
910 2741 1010 2771 Drak.

124 2798 203 2817 num
217 2791 333 2826 septem
345 2788 441 2826 pedes
457 2787 567 2816 altum.
589 2789 618 2815 et
636 2784 711 2815 alibi
729 2794 793 2814 sac·
882 2796 900 2821 4
925 2784 1099 2820 Quietum]
1126 2783 1156 2812 h.
1174 2792 1200 2812 e.
1218 2781 1303 2812 Tuta
1320 2782 1385 2811 fore
1407 2792 1424 2810 a
1446 2781 1507 2811 vio-

126 2830 206 2868 pius.
231 2830 335 2860 CREv.
841 2825 970 2862 latione,
987 2824 1107 2864 integra
1123 2835 1271 2855 mansura
1288 2834 1364 2854 esse.
1391 2824 1499 2854 Domi.
