1877 3178
112 201 210 232 U.c.
233 208 305 239 544.

110 243 149 274 A.
173 244 210 274 C.
234 244 305 273 208.

110 425 209 455 Redit
225 425 257 454 in

109 467 297 497 Macedoni-

108 519 170 540 am.

172 707 237 744 33.

110 760 254 791 Dardani

108 802 294 833 Macedoni-

107 855 159 874 am
177 855 217 883 po
221 856 277 884 pu-

108 888 223 918 lantur.

108 1276 230 1306 Achaei

108 1320 188 1348 bene
205 1329 270 1348 rem

106 1365 229 1399 gerunt.

107 1506 248 1545 Crispini

107 1550 180 1580 Cos.
198 1559 291 1580 mors.

108 1618 256 1647 Dictator

108 1660 300 1699 Torquatus.

109 1904 192 1933 Ludi

107 1946 224 1985 magni.

317 107 401 144 380
825 101 971 142 ΤΙΤΙ
1011 101 1188 142 LIVII

317 201 403 233 tem
434 199 630 247 quattuor
667 189 796 231 millia
826 190 1056 239 hominum,
1091 190 1252 245 pecoris
1286 190 1420 230 omnis
1450 191 1614 246 generis
1646 190 1701 231 ad

318 248 448 289 millia
467 248 636 304 viginti)
658 247 829 287 nuntius
854 262 907 287 ex
934 246 1188 287 Macedonia
1208 247 1335 296 venit,
1360 247 1544 302 Eropum
1567 263 1699 303 quen-

318 305 427 354 dam,
450 314 644 360 corrupto
666 304 769 344 arcis
790 303 1068 359 praesidiique
1096 303 1318 359 praefecte,
1342 303 1611 359 Lychnidum
1632 319 1699 345 ce-
1713 324 1730 354 3

317 363 424 418 pisse
442 378 450 403 :
486 370 627 402 tenere
650 371 691 401 et
709 361 1040 401 Dassaretiorum
1058 360 1260 416 quosdam
1282 360 1405 409 vicos,
1423 368 1465 400 et
1482 360 1699 401 Dardanos

318 419 443 460 etiam
464 419 641 459 concire.
698 418 861 459 Omisso
884 417 1010 472 igitur
1032 417 1220 458 Achaico
1241 417 1361 465 bello,
1384 416 1537 457 relictis
1560 425 1696 457 tamen

319 476 480 516 duobus
517 475 698 515 millibus
734 484 776 515 et
809 474 1048 529 quingentis
1081 474 1216 514 omnis
1250 474 1414 528 generis
1450 482 1700 514 armatorum

318 548 414 573 cum
436 532 642 587 Men'1ppo
659 540 700 572 et
722 531 988 586 Polyphanta
1008 530 1185 571 ducibus
1215 531 1268 571 ad
1295 530 1547 586 praesidium
1569 530 1700 570 socio-

317 604 422 638 rum,
457 588 665 644 profeetus
702 589 752 628 ab
785 587 947 643 Dymis,
980 602 1055 643 per
1086 587 1289 628 Achaiam
1322 587 1624 642 Boeotiamque
1659 594 1732 633 et4

319 646 549 694 Euboeam,
572 645 744 686 decimis
767 645 907 685 castris
929 644 1245 684 Demetriadem
1267 644 1310 683 in
1328 643 1584 684 Thessaliam
1607 658 1700 698 per-

317 703 442 743 venit.
505 702 570 743 Ibi
601 702 683 750 alii,
712 702 909 742 maiorem
941 701 1159 741 afferentes
1192 700 1431 749 tumultum,
1462 700 1600 740 nuntii
1631 715 1700 740 oc-

318 768 511 800 currunt:
548 759 782 807 Dardanos,
801 759 844 797 in
863 757 1157 798 Macedoniam
1179 758 1340 805 effusos,
1363 757 1599 798 Orestidem
1618 757 1699 796 iam

318 824 473 864 tenere,
496 831 542 856 ac
564 815 824 856 descendisse
847 815 891 854 in
911 815 1185 869 Argestaeum
1209 829 1426 869 campum:
1462 814 1698 868 famamque
1713 826 1730 857 5

317 873 426 913 inter
450 874 643 913 barbaros
671 871 878 912 celebrem
903 886 1004 919 esse,
1030 871 1270 926 Philippum
1302 871 1494 910 occisum.
1559 870 1700 925 Expe-

315 930 474 970 ditione
497 944 557 978 ea,
573 944 656 983 qua
671 944 767 968 cum
788 927 1102 983 populatoribus
1119 928 1205 982 agri
1223 927 1275 967 ad
1295 927 1518 983 Sicyonem
1538 942 1695 982 pugna-

315 987 386 1035 vit,
409 986 452 1025 in
484 986 673 1026 arborem
698 984 836 1024 illatus
866 984 1025 1038 impetu
1054 985 1164 1038 equi,
1188 984 1241 1024 ad
1262 984 1517 1024 eminentem
1539 998 1700 1023 ramum

315 1057 446 1082 cornu
477 1042 652 1082 alterum
684 1040 825 1095 galeae
858 1040 1092 1095 praefregit.
1156 1040 1207 1080 Id
1228 1041 1445 1080 inventum
1471 1041 1521 1080 ab
1544 1039 1731 1080 Aetolo6

315 1099 511 1154 quodam,
542 1098 833 1154 perlatumque
867 1097 911 1136 in
943 1096 1155 1136 Aetoliam
1190 1096 1241 1136 ad
1277 1096 1602 1145 Scerdilaedum,
1632 1097 1700 1137 cui

315 1165 461 1195 notum
483 1164 569 1195 erat
598 1154 760 1209 insigne
791 1153 945 1209 galeae,
969 1153 1119 1193 famam
1147 1153 1354 1193 interfecti
1376 1153 1483 1208 regis
1503 1153 1697 1207 vulgavit.

316 1212 417 1252 Post
451 1211 752 1267 profectionem
789 1226 842 1251 ex
876 1209 1039 1250 Achaia
1073 1210 1193 1265 regis,
1232 1209 1452 1264 Sulpicius,
1491 1209 1701 1264 Aeginam

316 1269 442 1309 classe
470 1269 691 1324 profectus,
714 1283 809 1308 cum
834 1267 977 1307 Attalo
1009 1282 1095 1307 sese
1128 1267 1358 1307 coniunxit.
1423 1266 1584 1307 Achaei
1606 1281 1701 1306 cum

318 1326 480 1366 Aetolis
503 1326 699 1380 Eleisque
721 1324 834 1364 haud
856 1323 998 1379 procul
1024 1323 1219 1364 Messene
1249 1338 1487 1378 prosperam
1516 1337 1701 1378 pugnam

315 1383 515 1423 fecerunt.
586 1381 754 1422 Attalus
787 1396 861 1422 rex
892 1389 934 1421 et
967 1381 1012 1421 P.
1041 1380 1248 1435 Sulpicius
1280 1380 1470 1435 Aeginae
1507 1380 1702 1420 hiberna-

316 1449 424 1479 runt.

376 1496 507 1536 Exitu
519 1496 643 1536 huius
660 1495 758 1535 anni
776 1495 826 1535 T.
847 1494 1073 1542 Quinctius
1091 1493 1310 1549 Crispinus
1324 1493 1480 1542 consul,
1499 1493 1699 1534 dictatore

317 1553 579 1593 comitiorum
596 1553 875 1606 ludorumque
893 1550 1177 1592 faciendorum
1195 1566 1318 1591 causa
1334 1550 1447 1590 dicto
1470 1550 1519 1590 T.
1538 1550 1701 1590 EIanlio

318 1609 546 1664 Torquato,
569 1624 622 1649 ex
643 1608 814 1649 vulnere
845 1608 1030 1648 moritur.
1093 1607 1182 1647 Alii
1205 1607 1392 1655 Tarenti,
1415 1607 1484 1647 alii
1506 1607 1549 1646 in
1574 1606 1701 1647 Cam-

316 1666 440 1721 pania
461 1675 671 1705 mortuum
695 1664 875 1704 tradunt.
939 1664 990 1703 Id
1012 1664 1126 1718 quod
1147 1663 1262 1704 nullo
1291 1672 1386 1704 ante
1410 1663 1518 1704 bello
1540 1663 1702 1704 accide-

315 1732 390 1771 rat,
414 1723 497 1763 duo
526 1721 728 1769 consules,
751 1721 838 1760 sine
869 1720 1138 1760 memorando
1166 1720 1324 1774 proelio
1346 1720 1565 1768 interfecti,
1588 1720 1702 1760 velut

316 1780 457 1820 orbam
480 1778 778 1833 rempublicam
800 1777 1067 1831 reliquerant.
1131 1776 1323 1816 Dictator
1344 1776 1530 1816 BIanlius
1552 1777 1701 1831 magis-

316 1845 425 1876 trum
447 1836 637 1890 equitum
662 1834 711 1874 C.
735 1833 954 1874 Servilium
972 1833 987 1883 <
994 1842 1082 1873 tum
1111 1832 1254 1873 aedilis
1276 1832 1429 1872 curulis
1451 1832 1558 1886 erat)
1579 1833 1697 1872 dixit.

320 1892 508 1941 Senatus,
532 1907 615 1947 quo
637 1891 703 1931 die
733 1891 914 1946 primum
936 1899 997 1930 est
1026 1890 1203 1938 habitus,
1227 1889 1346 1929 ludos
1375 1904 1545 1943 magnos
1564 1889 1699 1929 facere

316 1949 562 1990 dictatorem
593 1948 722 1995 iussit,
745 1962 849 2002 quos
882 1946 944 1986 M.
963 1946 1168 1986 Aemilius
1195 1955 1361 2001 praetor
1388 1946 1512 1994 urbis,
1539 1946 1588 1986 C.
1608 1945 1701 1986 Fla-

317 2006 458 2054 minio,
485 2005 565 2046 Cn.
586 2004 762 2045 Servilio
784 2003 1034 2051 consulibus³
1053 2003 1218 2051 fecerat,
1237 2011 1278 2042 et
1299 2003 1341 2042 in
1365 2002 1701 2057 quinquennium

317 2071 494 2103 voverat.
558 2062 596 2102 T
602 2077 670 2102 um
711 2061 888 2100 dictator
928 2069 969 2100 ct
1011 2059 1130 2099 ludos
1165 2059 1276 2107 feeit,
1313 2068 1355 2099 et
1395 2059 1439 2098 in
1479 2059 1701 2113 insequens

316 2120 490 2160 lustrum
521 2119 644 2159 vovit.
710 2116 927 2165 Ceterum,
954 2131 1085 2171 quum
1117 2116 1201 2156 duo
1232 2115 1466 2156 consulares
1497 2115 1703 2156 exercitus

1033 2243 1132 2271 quum
1156 2232 1223 2262 eius
1248 2232 1372 2262 insulae
1395 2233 1533 2262 cultores
1558 2233 1590 2262 in
1615 2236 1703 2262 metu

1032 2276 1072 2304 ab
1097 2275 1220 2304 Aetolis
1243 2279 1358 2311 essent,
1379 2279 1413 2304 ut
1437 2278 1571 2304 testatur
1594 2275 1704 2305 Livius

366 2246 382 2275 3
411 2237 626 2274 Lychnidum]
662 2235 758 2264 Hanc
790 2244 900 2263 vocem
932 2243 987 2272 pro

319 2280 402 2317 vulg.
428 2279 630 2308 Baclzimlmn
660 2276 801 2316 reposuit.
831 2275 986 2314 Sigonius.

319 2322 357 2351 cf.
375 2320 445 2350 infr.
463 2320 574 2349 xxxiii.
594 2329 642 2357 34.

361 2374 380 2400 4
402 2364 445 2392 Ee
461 2363 639 2398 Euboemn]
676 2361 859 2390 Boebeidem
883 2369 987 2388 emen-

320 2405 407 2435 davit
424 2404 612 2439 Sabellicus,
625 2403 679 2432 sed
693 2402 839 2438 Boebeis,
852 2401 917 2431 sive
934 2411 987 2439 pa-

320 2448 381 2483 lus,
397 2447 461 2476 sire
485 2446 681 2485 regiuncula,
702 2445 782 2474 iacet
807 2444 864 2473 sub
889 2442 988 2473 Penei

321 2489 412 2525 ostio,
434 2489 528 2527 longe
552 2488 635 2517 ultra
659 2485 912 2520 Demetriadem,
936 2495 989 2514 ne-

321 2541 382 2568 que
414 2531 524 2569 liquet,
552 2539 647 2567 quare
679 2528 862 2566 Philippus,
901 2531 990 2556 tanto

321 2573 423 2610 spatio
436 2573 499 2602 iam
513 2581 722 2610 praegressus,
732 2570 798 2610 illic
811 2573 990 2599 reverteret.

324 2615 533 2652 Quapropter
564 2618 702 2642 veterem
737 2612 908 2641 lectionem
939 2611 991 2640 de-

323 2656 425 2684 fendit
458 2656 523 2685 Iac.
552 2654 744 2690 Gronovius,
770 2653 922 2692 “quippe
952 2653 992 2682 ob

325 2700 424 2725 certas
437 2707 546 2726 causas
562 2697 666 2735 potuit
680 2695 850 2734 Philippus
864 2698 992 2724 coactus

324 2738 420 2766 fuisse
450 2748 488 2766 ex
521 2738 657 2768 Boeotia
686 2738 856 2767 deflectere
887 2747 992 2766 versus

325 2780 470 2808 dextram
494 2778 526 2809 in
549 2780 726 2816 Euboeam,
743 2784 778 2808 ut
798 2789 847 2808 res
870 2778 993 2807 insulae

326 2819 495 2858 inspiceret
531 2830 568 2849 ac
606 2820 822 2856 constitueret,
852 2819 992 2850 maxime

1033 2316 1142 2346 xxviii.
1161 2319 1213 2355 5.”

1077 2368 1093 2397 5
1117 2360 1345 2397 Aryeslaeum]
1375 2359 1438 2388 Vel
1455 2362 1640 2397 corruptum
1656 2362 1704 2388 est

1033 2400 1093 2429 hoc
1114 2411 1243 2437 nomen⁷
1261 2401 1310 2430 vel
1328 2410 1439 2439 parum
1456 2404 1579 2431 notum.
1626 2400 1702 2430 Gla-

1033 2453 1147 2472 reanus
1164 2442 1239 2481 legit
1252 2444 1278 2471 A
1285 2447 1440 2472 eslraeum
1455 2455 1463 2478 ;
1486 2442 1702 2481 SigoniusAe-

1031 2489 1205 2523 yestewn,
1218 2484 1249 2513 id
1263 2488 1320 2521 cst,
1335 2484 1572 2523 Thesprotium.
1604 2484 1703 2514 Thes-

1035 2527 1117 2565 proti
1130 2527 1214 2556 enim
1231 2526 1295 2555 alio
1307 2526 1436 2555 nomine
1451 2526 1615 2565 Aegestaei
1627 2536 1703 2564 quo-

1036 2579 1098 2607 que
1115 2569 1320 2604 vocabantur,
1336 2572 1416 2598 teste
1432 2568 1607 2606 Stephano.
1631 2568 1692 2598 CR.

1078 2609 1097 2640 6
1121 2610 1203 2640 Corn
1211 2621 1229 2639 ιι
1246 2611 1398 2647 alterum]
1417 2610 1546 2640 Cornua
1561 2610 1643 2640 inter
1657 2609 1703 2639 in-

1037 2652 1137 2690 signia
1160 2661 1377 2681 successorum
1394 2652 1570 2681 Alexandri
1591 2651 1703 2690 Magni

1036 2694 1206 2723 illustravit
1230 2693 1444 2732 Spanhemius
1466 2694 1506 2723 de
1526 2693 1702 2723 Praestant.

1037 2740 1068 2765 et
1092 2735 1163 2766 Usu
1185 2736 1402 2765 Nummorum
1427 2735 1478 2765 vii.
1503 2746 1533 2773 p.
1559 2736 1627 2773 387.
1650 2743 1701 2772 ga-

1038 2778 1103 2807 leas
1117 2781 1226 2807 autem
1242 2781 1390 2807 cornutas
1405 2787 1436 2815 p.
1451 2787 1520 2816 399.
1546 2777 1658 2805 DRAK.
