<?xml version="1.0" encoding="UTF-8"?>
<!DOCTYPE html PUBLIC "-//W3C//DTD XHTML 1.0 Transitional//EN"
    "http://www.w3.org/TR/xhtml1/DTD/xhtml1-transitional.dtd">
<html xmlns="http://www.w3.org/1999/xhtml" xml:lang="en" lang="en">
 <head>
  <title>
</title>
<meta http-equiv="Content-Type" content="text/html;charset=utf-8" />
  <meta name='ocr-system' content='tesseract 3.04.00' />
  <meta name='ocr-capabilities' content='ocr_page ocr_carea ocr_par ocr_line ocrx_word'/>
</head>
<body>
  <div class='ocr_page' id='page_1' title='image "./historiarumaburb02livyuoft_0550.png"; bbox 0 0 1877 3178; ppageno 0'>
   <div class='ocr_carea' id='block_1_1' title="bbox 136 194 330 267">
    <p class='ocr_par' dir='ltr' id='par_1_1' title="bbox 136 194 330 267">
     <span class='ocr_line' id='line_1_1' title="bbox 138 194 329 233; baseline 0.005 -9"><span class='ocrx_word' id='word_1_1' title='bbox 138 194 181 224; x_wconf 92' lang='lat' dir='ltr'><strong>U.</strong></span> <span class='ocrx_word' id='word_1_2' title='bbox 199 194 236 225; x_wconf 86' lang='lat' dir='ltr'><strong>C.</strong></span> <span class='ocrx_word' id='word_1_3' title='bbox 260 202 329 233; x_wconf 75' lang='lat'><strong>550.</strong></span> 
     </span>
     <span class='ocr_line' id='line_1_2' title="bbox 136 236 330 267; baseline 0.01 -2"><span class='ocrx_word' id='word_1_4' title='bbox 136 236 175 265; x_wconf 93' lang='lat' dir='ltr'><strong>A.</strong></span> <span class='ocrx_word' id='word_1_5' title='bbox 200 237 236 266; x_wconf 86' lang='lat' dir='ltr'><strong>C.</strong></span> <span class='ocrx_word' id='word_1_6' title='bbox 263 246 330 267; x_wconf 73' lang='lat'><strong>202.</strong></span> 
     </span>
    </p>
   </div>
   <div class='ocr_carea' id='block_1_2' title="bbox 137 984 326 1180">
    <p class='ocr_par' dir='ltr' id='par_1_2' title="bbox 137 984 326 1180">
     <span class='ocr_line' id='line_1_3' title="bbox 140 984 314 1022; baseline 0 -10"><span class='ocrx_word' id='word_1_7' title='bbox 140 984 314 1022; x_wconf 74' lang='lat' dir='ltr'><strong>Gisgonem</strong></span> 
     </span>
     <span class='ocr_line' id='line_1_4' title="bbox 139 1029 317 1063; baseline 0 -9"><span class='ocrx_word' id='word_1_8' title='bbox 139 1029 247 1054; x_wconf 80' lang='lat' dir='ltr'><strong>contra</strong></span> <span class='ocrx_word' id='word_1_9' title='bbox 264 1035 317 1063; x_wconf 84' lang='lat' dir='ltr'><strong>pa-</strong></span> 
     </span>
     <span class='ocr_line' id='line_1_5' title="bbox 138 1066 326 1096; baseline 0.005 -1"><span class='ocrx_word' id='word_1_10' title='bbox 138 1077 206 1095; x_wconf 78' lang='lat' dir='ltr'><strong>cem</strong></span> <span class='ocrx_word' id='word_1_11' title='bbox 222 1066 326 1096; x_wconf 80' lang='lat' dir='ltr'><strong>dicere</strong></span> 
     </span>
     <span class='ocr_line' id='line_1_6' title="bbox 137 1108 326 1138; baseline 0.005 -1"><span class='ocrx_word' id='word_1_12' title='bbox 137 1112 224 1137; x_wconf 80' lang='lat' dir='ltr'><strong>vetat</strong></span> <span class='ocrx_word' id='word_1_13' title='bbox 236 1108 326 1138; x_wconf 82' lang='lat' dir='ltr'><strong>Han-</strong></span> 
     </span>
     <span class='ocr_line' id='line_1_7' title="bbox 137 1149 234 1180; baseline 0.021 -2"><span class='ocrx_word' id='word_1_14' title='bbox 137 1149 234 1180; x_wconf 69' lang='lat' dir='ltr'><strong>nibal.</strong></span> 
     </span>
    </p>
   </div>
   <div class='ocr_carea' id='block_1_3' title="bbox 138 1826 325 1948">
    <p class='ocr_par' dir='ltr' id='par_1_3' title="bbox 138 1826 325 1948">
     <span class='ocr_line' id='line_1_8' title="bbox 140 1826 325 1855; baseline 0.005 -1"><span class='ocrx_word' id='word_1_15' title='bbox 140 1826 258 1855; x_wconf 86' lang='lat' dir='ltr'><strong>Pacem</strong></span> <span class='ocrx_word' id='word_1_16' title='bbox 275 1836 325 1855; x_wconf 84' lang='lat' dir='ltr'><strong>ae-</strong></span> 
     </span>
     <span class='ocr_line' id='line_1_9' title="bbox 138 1867 263 1904; baseline 0 -8"><span class='ocrx_word' id='word_1_17' title='bbox 138 1867 263 1904; x_wconf 74' lang='lat' dir='ltr'><strong>cipiunt</strong></span> 
     </span>
     <span class='ocr_line' id='line_1_10' title="bbox 138 1909 287 1948; baseline 0.007 -10"><span class='ocrx_word' id='word_1_18' title='bbox 138 1909 287 1948; x_wconf 70' lang='lat' dir='ltr'><strong>Carthag.</strong></span> 
     </span>
    </p>
   </div>
   <div class='ocr_carea' id='block_1_4' title="bbox 203 2267 268 2305">
    <p class='ocr_par' dir='ltr' id='par_1_4' title="bbox 203 2267 268 2305">
     <span class='ocr_line' id='line_1_11' title="bbox 203 2267 268 2305; baseline 0.031 -2"><span class='ocrx_word' id='word_1_19' title='bbox 203 2267 268 2305; x_wconf 84' lang='lat'><strong>38.</strong></span> 
     </span>
    </p>
   </div>
   <div class='ocr_carea' id='block_1_5' title="bbox 345 97 1223 140">
    <p class='ocr_par' dir='ltr' id='par_1_5' title="bbox 345 97 1223 140">
     <span class='ocr_line' id='line_1_12' title="bbox 345 97 1223 140; baseline -0.002 0"><span class='ocrx_word' id='word_1_20' title='bbox 345 103 429 140; x_wconf 68' lang='lat'><strong>540</strong></span> <span class='ocrx_word' id='word_1_21' title='bbox 853 97 1002 139; x_wconf 86' lang='lat' dir='ltr'><strong>TITI</strong></span> <span class='ocrx_word' id='word_1_22' title='bbox 1042 97 1223 139; x_wconf 86' lang='lat' dir='ltr'>LIVII</span> 
     </span>
    </p>
   </div>
   <div class='ocr_carea' id='block_1_6' title="bbox 345 186 1760 2435">
    <p class='ocr_par' dir='ltr' id='par_1_6' title="bbox 346 186 1758 973">
     <span class='ocr_line' id='line_1_13' title="bbox 346 186 1728 242; baseline 0.001 -15"><span class='ocrx_word' id='word_1_23' title='bbox 346 194 356 210; x_wconf 85' lang='lat'>‘</span> <span class='ocrx_word' id='word_1_24' title='bbox 373 188 576 242; x_wconf 87' lang='lat' dir='ltr'><strong>tivosque,</strong></span> <span class='ocrx_word' id='word_1_25' title='bbox 599 194 641 227; x_wconf 93' lang='lat' dir='ltr'><strong>et</strong></span> <span class='ocrx_word' id='word_1_26' title='bbox 669 186 852 241; x_wconf 87' lang='lat' dir='ltr'><strong>captivos</strong></span> <span class='ocrx_word' id='word_1_27' title='bbox 878 201 1023 227; x_wconf 90' lang='lat' dir='ltr'><strong>omnes</strong></span> <span class='ocrx_word' id='word_1_28' title='bbox 1048 187 1274 228; x_wconf 82' lang='lat' dir='ltr'><strong>redderent</strong></span> <span class='ocrx_word' id='word_1_29' title='bbox 1296 186 1510 235; x_wconf 86' lang='lat' dir='ltr'><strong>Romanis,</strong></span> <span class='ocrx_word' id='word_1_30' title='bbox 1533 194 1575 228; x_wconf 89' lang='lat' dir='ltr'><strong>et</strong></span> <span class='ocrx_word' id='word_1_31' title='bbox 1603 202 1728 228; x_wconf 87' lang='lat' dir='ltr'><strong>naves</strong></span> 
     </span>
     <span class='ocr_line' id='line_1_14' title="bbox 346 242 1729 298; baseline 0 -14"><span class='ocrx_word' id='word_1_32' title='bbox 346 250 579 293; x_wconf 77' lang='lat' dir='ltr'><strong>‘rostratas,</strong></span> <span class='ocrx_word' id='word_1_33' title='bbox 611 252 774 298; x_wconf 88' lang='lat' dir='ltr'><strong>praeter</strong></span> <span class='ocrx_word' id='word_1_34' title='bbox 803 242 950 283; x_wconf 89' lang='lat' dir='ltr'><strong>decem</strong></span> <span class='ocrx_word' id='word_1_35' title='bbox 980 243 1181 293; x_wconf 83' lang='lat' dir='ltr'><strong>triremes,</strong></span> <span class='ocrx_word' id='word_1_36' title='bbox 1211 243 1434 292; x_wconf 83' lang='lat' dir='ltr'><strong>traderent,</strong></span> <span class='ocrx_word' id='word_1_37' title='bbox 1467 242 1729 298; x_wconf 89' lang='lat' dir='ltr'><strong>elephantos-</strong></span> 
     </span>
     <span class='ocr_line' id='line_1_15' title="bbox 346 299 1728 355; baseline -0.001 -15"><span class='ocrx_word' id='word_1_38' title='bbox 346 306 358 324; x_wconf 82' lang='lat'>‘</span> <span class='ocrx_word' id='word_1_39' title='bbox 374 315 469 355; x_wconf 87' lang='lat' dir='ltr'><strong>que,</strong></span> <span class='ocrx_word' id='word_1_40' title='bbox 488 315 591 355; x_wconf 90' lang='lat' dir='ltr'><strong>quos</strong></span> <span class='ocrx_word' id='word_1_41' title='bbox 612 300 814 340; x_wconf 81' lang='lat' dir='ltr'><strong>haberent</strong></span> <span class='ocrx_word' id='word_1_42' title='bbox 831 299 1033 339; x_wconf 88' lang='lat' dir='ltr'><strong>domitos:</strong></span> <span class='ocrx_word' id='word_1_43' title='bbox 1058 315 1197 354; x_wconf 92' lang='lat' dir='ltr'><strong>neque</strong></span> <span class='ocrx_word' id='word_1_44' title='bbox 1219 299 1437 339; x_wconf 88' lang='lat' dir='ltr'><strong>domarent</strong></span> <span class='ocrx_word' id='word_1_45' title='bbox 1457 299 1568 340; x_wconf 75' lang='lat' dir='ltr'><strong>alios,</strong></span> <span class='ocrx_word' id='word_1_46' title='bbox 1630 299 1728 340; x_wconf 90' lang='lat' dir='ltr'><strong>Bel-</strong></span> 
     </span>
     <span class='ocr_line' id='line_1_16' title="bbox 346 355 1730 411; baseline -0.001 -15"><span class='ocrx_word' id='word_1_47' title='bbox 346 357 460 397; x_wconf 89' lang='lat' dir='ltr'><strong>‘lum</strong></span> <span class='ocrx_word' id='word_1_48' title='bbox 491 372 595 398; x_wconf 88' lang='lat' dir='ltr'><strong>neve</strong></span> <span class='ocrx_word' id='word_1_49' title='bbox 626 356 669 396; x_wconf 91' lang='lat' dir='ltr'><strong>in</strong></span> <span class='ocrx_word' id='word_1_50' title='bbox 696 355 851 404; x_wconf 87' lang='lat' dir='ltr'><strong>Africa,</strong></span> <span class='ocrx_word' id='word_1_51' title='bbox 881 371 985 395; x_wconf 89' lang='lat' dir='ltr'><strong>neve</strong></span> <span class='ocrx_word' id='word_1_52' title='bbox 1019 364 1136 396; x_wconf 82' lang='lat' dir='ltr'><strong>extra</strong></span> <span class='ocrx_word' id='word_1_53' title='bbox 1168 355 1366 404; x_wconf 89' lang='lat' dir='ltr'><strong>Africam,</strong></span> <span class='ocrx_word' id='word_1_54' title='bbox 1395 355 1554 395; x_wconf 87' lang='lat' dir='ltr'><strong>iniussu</strong></span> <span class='ocrx_word' id='word_1_55' title='bbox 1583 355 1730 411; x_wconf 91' lang='lat' dir='ltr'><strong>populi</strong></span> 
     </span>
     <span class='ocr_line' id='line_1_17' title="bbox 347 411 1728 467; baseline -0.001 -14"><span class='ocrx_word' id='word_1_56' title='bbox 347 413 558 453; x_wconf 83' lang='lat' dir='ltr'><strong>‘Romani</strong></span> <span class='ocrx_word' id='word_1_57' title='bbox 590 420 794 467; x_wconf 78' lang='lat' dir='ltr'><strong>gererent.</strong></span> <span class='ocrx_word' id='word_1_58' title='bbox 857 411 1100 452; x_wconf 81' lang='lat' dir='ltr'><strong>Masinissae</strong></span> <span class='ocrx_word' id='word_1_59' title='bbox 1134 427 1198 452; x_wconf 89' lang='lat' dir='ltr'><strong>res</strong></span> <span class='ocrx_word' id='word_1_60' title='bbox 1230 411 1467 460; x_wconf 82' lang='lat' dir='ltr'><strong>redderent,</strong></span> <span class='ocrx_word' id='word_1_61' title='bbox 1500 412 1728 466; x_wconf 88' lang='lat' dir='ltr'><strong>foedusque</strong></span> 
     </span>
     <span class='ocr_line' id='line_1_18' title="bbox 348 468 1758 523; baseline -0.002 -14"><span class='ocrx_word' id='word_1_62' title='bbox 348 476 469 510; x_wconf 82' lang='lat' dir='ltr'><strong>‘cum</strong></span> <span class='ocrx_word' id='word_1_63' title='bbox 511 485 560 509; x_wconf 92' lang='lat' dir='ltr'><strong>eo</strong></span> <span class='ocrx_word' id='word_1_64' title='bbox 594 470 789 509; x_wconf 87' lang='lat' dir='ltr'><strong>facerent.</strong></span> <span class='ocrx_word' id='word_1_65' title='bbox 852 468 1127 508; x_wconf 88' lang='lat' dir='ltr'><strong>Frumentum</strong></span> <span class='ocrx_word' id='word_1_66' title='bbox 1168 468 1510 523; x_wconf 84' lang='lat' dir='ltr'><strong>stipendiumque</strong></span> <span class='ocrx_word' id='word_1_67' title='bbox 1550 468 1758 517; x_wconf 85' lang='lat' dir='ltr'><strong>auxiliis,1</strong></span> 
     </span>
     <span class='ocr_line' id='line_1_19' title="bbox 348 524 1729 579; baseline -0.001 -14"><span class='ocrx_word' id='word_1_68' title='bbox 348 526 508 566; x_wconf 90' lang='lat' dir='ltr'><strong>‘donec</strong></span> <span class='ocrx_word' id='word_1_69' title='bbox 550 526 600 565; x_wconf 89' lang='lat' dir='ltr'><strong>ab</strong></span> <span class='ocrx_word' id='word_1_70' title='bbox 642 525 779 565; x_wconf 84' lang='lat' dir='ltr'><strong>Roma</strong></span> <span class='ocrx_word' id='word_1_71' title='bbox 817 524 943 579; x_wconf 84' lang='lat' dir='ltr'><strong>legati</strong></span> <span class='ocrx_word' id='word_1_72' title='bbox 978 524 1194 573; x_wconf 82' lang='lat' dir='ltr'><strong>redissent,</strong></span> <span class='ocrx_word' id='word_1_73' title='bbox 1236 532 1504 579; x_wconf 82' lang='lat' dir='ltr'><strong>praestarent.</strong></span> <span class='ocrx_word' id='word_1_74' title='bbox 1567 524 1729 565; x_wconf 85' lang='lat' dir='ltr'><strong>Decem</strong></span> 
     </span>
     <span class='ocr_line' id='line_1_20' title="bbox 348 580 1730 635; baseline -0.001 -14"><span class='ocrx_word' id='word_1_75' title='bbox 348 582 504 621; x_wconf 81' lang='lat' dir='ltr'><strong>‘millia</strong></span> <span class='ocrx_word' id='word_1_76' title='bbox 534 581 737 621; x_wconf 78' lang='lat' dir='ltr'><strong>talentum</strong></span> <span class='ocrx_word' id='word_1_77' title='bbox 770 581 943 635; x_wconf 78' lang='lat' dir='ltr'><strong>argenti,</strong></span> <span class='ocrx_word' id='word_1_78' title='bbox 976 581 1183 635; x_wconf 85' lang='lat' dir='ltr'><strong>descripta</strong></span> <span class='ocrx_word' id='word_1_79' title='bbox 1214 580 1482 635; x_wconf 83' lang='lat' dir='ltr'><strong>pensionibus</strong></span> <span class='ocrx_word' id='word_1_80' title='bbox 1512 581 1655 635; x_wconf 80' lang='lat' dir='ltr'><strong>aequis</strong></span> <span class='ocrx_word' id='word_1_81' title='bbox 1685 581 1730 620; x_wconf 89' lang='lat' dir='ltr'><strong>in</strong></span> 
     </span>
     <span class='ocr_line' id='line_1_21' title="bbox 348 636 1729 692; baseline -0.001 -14"><span class='ocrx_word' id='word_1_82' title='bbox 348 644 505 678; x_wconf 87' lang='lat' dir='ltr'><strong>‘annos</strong></span> <span class='ocrx_word' id='word_1_83' title='bbox 546 637 862 692; x_wconf 80' lang='lat' dir='ltr'><strong>quinquaginta,</strong></span> <span class='ocrx_word' id='word_1_84' title='bbox 900 637 1116 677; x_wconf 83' lang='lat' dir='ltr'><strong>solverent.</strong></span> <span class='ocrx_word' id='word_1_85' title='bbox 1193 636 1372 677; x_wconf 86' lang='lat' dir='ltr'><strong>Obsides</strong></span> <span class='ocrx_word' id='word_1_86' title='bbox 1412 645 1582 677; x_wconf 89' lang='lat' dir='ltr'><strong>eentum</strong></span> <span class='ocrx_word' id='word_1_87' title='bbox 1622 637 1729 677; x_wconf 86' lang='lat' dir='ltr'><strong>arbi-</strong></span> 
     </span>
     <span class='ocr_line' id='line_1_22' title="bbox 348 693 1723 749; baseline -0.001 -15"><span class='ocrx_word' id='word_1_88' title='bbox 348 701 358 718; x_wconf 89' lang='lat'>‘</span> <span class='ocrx_word' id='word_1_89' title='bbox 376 702 485 734; x_wconf 90' lang='lat' dir='ltr'><strong>tratu</strong></span> <span class='ocrx_word' id='word_1_90' title='bbox 513 694 718 749; x_wconf 87' lang='lat' dir='ltr'><strong>Scipionis</strong></span> <span class='ocrx_word' id='word_1_91' title='bbox 738 694 909 734; x_wconf 87' lang='lat' dir='ltr'><strong>darent:</strong></span> <span class='ocrx_word' id='word_1_92' title='bbox 944 708 996 733; x_wconf 89' lang='lat' dir='ltr'><strong>ne</strong></span> <span class='ocrx_word' id='word_1_93' title='bbox 1026 694 1205 733; x_wconf 89' lang='lat' dir='ltr'><strong>minores</strong></span> <span class='ocrx_word' id='word_1_94' title='bbox 1231 693 1565 747; x_wconf 89' lang='lat' dir='ltr'><strong>quattuordecim</strong></span> <span class='ocrx_word' id='word_1_95' title='bbox 1591 693 1723 742; x_wconf 88' lang='lat' dir='ltr'><strong>annis,</strong></span> 
     </span>
     <span class='ocr_line' id='line_1_23' title="bbox 347 749 1730 805; baseline -0.001 -14"><span class='ocrx_word' id='word_1_96' title='bbox 347 757 459 791; x_wconf 81' lang='lat' dir='ltr'><strong>‘neu</strong></span> <span class='ocrx_word' id='word_1_97' title='bbox 495 751 664 805; x_wconf 85' lang='lat' dir='ltr'><strong>triginta</strong></span> <span class='ocrx_word' id='word_1_98' title='bbox 699 750 884 790; x_wconf 86' lang='lat' dir='ltr'><strong>maiores.</strong></span> <span class='ocrx_word' id='word_1_99' title='bbox 947 749 1137 790; x_wconf 88' lang='lat' dir='ltr'><strong>Indutias</strong></span> <span class='ocrx_word' id='word_1_100' title='bbox 1173 750 1231 789; x_wconf 90' lang='lat' dir='ltr'><strong>ita</strong></span> <span class='ocrx_word' id='word_1_101' title='bbox 1267 764 1308 789; x_wconf 92' lang='lat' dir='ltr'><strong>se</strong></span> <span class='ocrx_word' id='word_1_102' title='bbox 1345 749 1552 797; x_wconf 87' lang='lat' dir='ltr'><strong>daturum,</strong></span> <span class='ocrx_word' id='word_1_103' title='bbox 1586 749 1620 789; x_wconf 90' lang='lat' dir='ltr'><strong>si</strong></span> <span class='ocrx_word' id='word_1_104' title='bbox 1654 764 1730 804; x_wconf 87' lang='lat' dir='ltr'><strong>per</strong></span> 
     </span>
     <span class='ocr_line' id='line_1_24' title="bbox 347 805 1729 862; baseline -0.001 -15"><span class='ocrx_word' id='word_1_105' title='bbox 347 807 530 862; x_wconf 81' lang='lat' dir='ltr'><strong>‘priores</strong></span> <span class='ocrx_word' id='word_1_106' title='bbox 558 806 739 846; x_wconf 81' lang='lat' dir='ltr'><strong>indutias</strong></span> <span class='ocrx_word' id='word_1_107' title='bbox 767 821 891 846; x_wconf 85' lang='lat' dir='ltr'><strong>naves</strong></span> <span class='ocrx_word' id='word_1_108' title='bbox 919 806 1130 846; x_wconf 88' lang='lat' dir='ltr'><strong>onerariae</strong></span> <span class='ocrx_word' id='word_1_109' title='bbox 1160 814 1318 860; x_wconf 85' lang='lat' dir='ltr'><strong>captae,</strong></span> <span class='ocrx_word' id='word_1_110' title='bbox 1341 820 1532 860; x_wconf 87' lang='lat' dir='ltr'><strong>quaeque</strong></span> <span class='ocrx_word' id='word_1_111' title='bbox 1553 805 1729 846; x_wconf 87' lang='lat' dir='ltr'><strong>fuissent</strong></span> 
     </span>
     <span class='ocr_line' id='line_1_25' title="bbox 348 862 1728 917; baseline -0.001 -14"><span class='ocrx_word' id='word_1_112' title='bbox 348 869 360 886; x_wconf 89' lang='lat'>‘</span> <span class='ocrx_word' id='word_1_113' title='bbox 375 864 419 902; x_wconf 89' lang='lat' dir='ltr'><strong>in</strong></span> <span class='ocrx_word' id='word_1_114' title='bbox 440 863 625 911; x_wconf 87' lang='lat' dir='ltr'><strong>navibus,</strong></span> <span class='ocrx_word' id='word_1_115' title='bbox 649 863 976 902; x_wconf 84' lang='lat' dir='ltr'><strong>restituerentur.</strong></span> <span class='ocrx_word' id='word_1_116' title='bbox 1040 862 1177 902; x_wconf 90' lang='lat' dir='ltr'><strong>Aliter</strong></span> <span class='ocrx_word' id='word_1_117' title='bbox 1196 877 1274 902; x_wconf 89' lang='lat' dir='ltr'><strong>nec</strong></span> <span class='ocrx_word' id='word_1_118' title='bbox 1295 862 1489 911; x_wconf 85' lang='lat' dir='ltr'><strong>indutias,</strong></span> <span class='ocrx_word' id='word_1_119' title='bbox 1512 876 1590 902; x_wconf 88' lang='lat' dir='ltr'><strong>nec</strong></span> <span class='ocrx_word' id='word_1_120' title='bbox 1612 876 1728 917; x_wconf 88' lang='lat' dir='ltr'><strong>spem</strong></span> 
     </span>
     <span class='ocr_line' id='line_1_26' title="bbox 349 919 773 973; baseline -0.002 -14"><span class='ocrx_word' id='word_1_121' title='bbox 349 925 360 942; x_wconf 85' lang='lat'>‘</span> <span class='ocrx_word' id='word_1_122' title='bbox 376 920 488 973; x_wconf 85' lang='lat' dir='ltr'><strong>pacis</strong></span> <span class='ocrx_word' id='word_1_123' title='bbox 510 919 636 959; x_wconf 86' lang='lat' dir='ltr'><strong>ullam</strong></span> <span class='ocrx_word' id='word_1_124' title='bbox 659 919 773 958; x_wconf 87' lang='lat' dir='ltr'><strong>esse.&#39;</strong></span> 
     </span>
    </p>

    <p class='ocr_par' dir='ltr' id='par_1_7' title="bbox 345 973 1760 2265">
     <span class='ocr_line' id='line_1_27' title="bbox 406 973 1729 1028; baseline -0.001 -13"><span class='ocrx_word' id='word_1_125' title='bbox 406 975 494 1015; x_wconf 89' lang='lat' dir='ltr'><strong>Has</strong></span> <span class='ocrx_word' id='word_1_126' title='bbox 530 974 791 1015; x_wconf 89' lang='lat' dir='ltr'><strong>conditiones</strong></span> <span class='ocrx_word' id='word_1_127' title='bbox 825 973 951 1028; x_wconf 86' lang='lat' dir='ltr'><strong>legati</strong></span> <span class='ocrx_word' id='word_1_128' title='bbox 988 988 1118 1028; x_wconf 90' lang='lat' dir='ltr'><strong>quum</strong></span> <span class='ocrx_word' id='word_1_129' title='bbox 1154 974 1324 1014; x_wconf 90' lang='lat' dir='ltr'><strong>domum</strong></span> <span class='ocrx_word' id='word_1_130' title='bbox 1362 974 1512 1015; x_wconf 87' lang='lat' dir='ltr'><strong>referre</strong></span> <span class='ocrx_word' id='word_1_131' title='bbox 1549 974 1649 1015; x_wconf 90' lang='lat' dir='ltr'><strong>iussi</strong></span> <span class='ocrx_word' id='word_1_132' title='bbox 1684 974 1729 1014; x_wconf 89' lang='lat' dir='ltr'><strong>in</strong></span> 
     </span>
     <span class='ocr_line' id='line_1_28' title="bbox 347 1029 1729 1085; baseline -0.001 -14"><span class='ocrx_word' id='word_1_133' title='bbox 347 1032 547 1071; x_wconf 86' lang='lat' dir='ltr'><strong>concione</strong></span> <span class='ocrx_word' id='word_1_134' title='bbox 579 1031 765 1078; x_wconf 87' lang='lat' dir='ltr'><strong>ederent,</strong></span> <span class='ocrx_word' id='word_1_135' title='bbox 794 1038 837 1070; x_wconf 92' lang='lat' dir='ltr'><strong>et</strong></span> <span class='ocrx_word' id='word_1_136' title='bbox 865 1029 996 1084; x_wconf 87' lang='lat' dir='ltr'><strong>Gisgo</strong></span> <span class='ocrx_word' id='word_1_137' title='bbox 1027 1030 1079 1070; x_wconf 88' lang='lat' dir='ltr'><strong>ad</strong></span> <span class='ocrx_word' id='word_1_138' title='bbox 1108 1030 1427 1070; x_wconf 87' lang='lat' dir='ltr'><strong>dissuadendam</strong></span> <span class='ocrx_word' id='word_1_139' title='bbox 1457 1045 1603 1085; x_wconf 89' lang='lat' dir='ltr'><strong>pacem</strong></span> <span class='ocrx_word' id='word_1_140' title='bbox 1633 1045 1729 1085; x_wconf 91' lang='lat' dir='ltr'><strong>pro-</strong></span> 
     </span>
     <span class='ocr_line' id='line_1_29' title="bbox 348 1086 1729 1141; baseline -0.001 -13"><span class='ocrx_word' id='word_1_141' title='bbox 348 1088 544 1136; x_wconf 85' lang='lat' dir='ltr'><strong>cessisset,</strong></span> <span class='ocrx_word' id='word_1_142' title='bbox 577 1087 873 1140; x_wconf 89' lang='lat' dir='ltr'><strong>audireturque</strong></span> <span class='ocrx_word' id='word_1_143' title='bbox 910 1102 934 1126; x_wconf 89' lang='lat' dir='ltr'><strong>a</strong></span> <span class='ocrx_word' id='word_1_144' title='bbox 967 1086 1250 1135; x_wconf 88' lang='lat' dir='ltr'><strong>multitudine,</strong></span> <span class='ocrx_word' id='word_1_145' title='bbox 1284 1086 1472 1141; x_wconf 89' lang='lat' dir='ltr'><strong>inquieta</strong></span> <span class='ocrx_word' id='word_1_146' title='bbox 1508 1087 1654 1127; x_wconf 89' lang='lat' dir='ltr'><strong>eadem</strong></span> <span class='ocrx_word' id='word_1_147' title='bbox 1686 1095 1729 1127; x_wconf 92' lang='lat' dir='ltr'><strong>et</strong></span> 
     </span>
     <span class='ocr_line' id='line_1_30' title="bbox 347 1142 1730 1198; baseline -0.001 -14"><span class='ocrx_word' id='word_1_148' title='bbox 347 1143 530 1184; x_wconf 88' lang='lat' dir='ltr'><strong>imbelli:</strong></span> <span class='ocrx_word' id='word_1_149' title='bbox 564 1143 805 1198; x_wconf 88' lang='lat' dir='ltr'><strong>indignatus</strong></span> <span class='ocrx_word' id='word_1_150' title='bbox 828 1142 1053 1191; x_wconf 89' lang='lat' dir='ltr'><strong>Hannibal,</strong></span> <span class='ocrx_word' id='word_1_151' title='bbox 1076 1142 1159 1182; x_wconf 86' lang='lat' dir='ltr'><strong>dici</strong></span> <span class='ocrx_word' id='word_1_152' title='bbox 1181 1157 1229 1183; x_wconf 89' lang='lat' dir='ltr'><strong>ea</strong></span> <span class='ocrx_word' id='word_1_153' title='bbox 1249 1143 1292 1182; x_wconf 91' lang='lat' dir='ltr'><strong>in</strong></span> <span class='ocrx_word' id='word_1_154' title='bbox 1311 1143 1381 1182; x_wconf 91' lang='lat' dir='ltr'><strong>tali</strong></span> <span class='ocrx_word' id='word_1_155' title='bbox 1405 1151 1589 1198; x_wconf 88' lang='lat' dir='ltr'><strong>tempore</strong></span> <span class='ocrx_word' id='word_1_156' title='bbox 1611 1143 1730 1183; x_wconf 84' lang='lat' dir='ltr'><strong>audi-</strong></span> 
     </span>
     <span class='ocr_line' id='line_1_31' title="bbox 346 1198 1728 1255; baseline -0.001 -15"><span class='ocrx_word' id='word_1_157' title='bbox 346 1201 479 1255; x_wconf 87' lang='lat' dir='ltr'><strong>rique,</strong></span> <span class='ocrx_word' id='word_1_158' title='bbox 516 1208 726 1255; x_wconf 89' lang='lat' dir='ltr'><strong>arreptum</strong></span> <span class='ocrx_word' id='word_1_159' title='bbox 765 1198 995 1253; x_wconf 88' lang='lat' dir='ltr'><strong>Gisgonem</strong></span> <span class='ocrx_word' id='word_1_160' title='bbox 1031 1214 1157 1239; x_wconf 87' lang='lat' dir='ltr'><strong>manu</strong></span> <span class='ocrx_word' id='word_1_161' title='bbox 1193 1214 1267 1238; x_wconf 90' lang='lat' dir='ltr'><strong>sua</strong></span> <span class='ocrx_word' id='word_1_162' title='bbox 1302 1214 1355 1239; x_wconf 87' lang='lat' dir='ltr'><strong>ex</strong></span> <span class='ocrx_word' id='word_1_163' title='bbox 1390 1200 1600 1254; x_wconf 89' lang='lat' dir='ltr'><strong>superiore</strong></span> <span class='ocrx_word' id='word_1_164' title='bbox 1636 1199 1728 1240; x_wconf 90' lang='lat' dir='ltr'><strong>loco</strong></span> 
     </span>
     <span class='ocr_line' id='line_1_32' title="bbox 346 1255 1729 1310; baseline -0.001 -14"><span class='ocrx_word' id='word_1_165' title='bbox 346 1257 537 1297; x_wconf 81' lang='lat' dir='ltr'><strong>detraxit.</strong></span> <span class='ocrx_word' id='word_1_166' title='bbox 604 1256 724 1303; x_wconf 76' lang='lat' dir='ltr'><strong>Quae</strong></span> <span class='ocrx_word' id='word_1_167' title='bbox 753 1256 915 1295; x_wconf 84' lang='lat' dir='ltr'><strong>insueta</strong></span> <span class='ocrx_word' id='word_1_168' title='bbox 942 1255 1094 1295; x_wconf 91' lang='lat' dir='ltr'><strong>liberae</strong></span> <span class='ocrx_word' id='word_1_169' title='bbox 1123 1255 1279 1295; x_wconf 88' lang='lat' dir='ltr'><strong>civitati</strong></span> <span class='ocrx_word' id='word_1_170' title='bbox 1308 1255 1464 1310; x_wconf 86' lang='lat' dir='ltr'><strong>species</strong></span> <span class='ocrx_word' id='word_1_171' title='bbox 1490 1270 1620 1310; x_wconf 85' lang='lat' dir='ltr'><strong>quum</strong></span> <span class='ocrx_word' id='word_1_172' title='bbox 1648 1255 1729 1296; x_wconf 90' lang='lat' dir='ltr'><strong>fre-</strong></span> 
     </span>
     <span class='ocr_line' id='line_1_33' title="bbox 346 1311 1728 1368; baseline -0.001 -15"><span class='ocrx_word' id='word_1_173' title='bbox 346 1313 495 1353; x_wconf 88' lang='lat' dir='ltr'><strong>mitum</strong></span> <span class='ocrx_word' id='word_1_174' title='bbox 531 1312 675 1368; x_wconf 88' lang='lat' dir='ltr'><strong>populi</strong></span> <span class='ocrx_word' id='word_1_175' title='bbox 711 1312 917 1360; x_wconf 82' lang='lat' dir='ltr'><strong>movisset,</strong></span> <span class='ocrx_word' id='word_1_176' title='bbox 955 1312 1218 1366; x_wconf 88' lang='lat' dir='ltr'><strong>perturbatus</strong></span> <span class='ocrx_word' id='word_1_177' title='bbox 1254 1311 1440 1351; x_wconf 86' lang='lat' dir='ltr'><strong>militaris</strong></span> <span class='ocrx_word' id='word_1_178' title='bbox 1474 1312 1537 1351; x_wconf 91' lang='lat' dir='ltr'><strong>vir</strong></span> <span class='ocrx_word' id='word_1_179' title='bbox 1571 1312 1728 1352; x_wconf 87' lang='lat' dir='ltr'><strong>urbana</strong></span> 
     </span>
     <span class='ocr_line' id='line_1_34' title="bbox 346 1368 1727 1423; baseline 0 -15"><span class='ocrx_word' id='word_1_180' title='bbox 346 1369 548 1418; x_wconf 87' lang='lat' dir='ltr'><strong>libertate,</strong></span> <span class='ocrx_word' id='word_1_181' title='bbox 594 1375 605 1392; x_wconf 85' lang='lat'>‘</span> <span class='ocrx_word' id='word_1_182' title='bbox 624 1368 815 1417; x_wconf 81' lang='lat' dir='ltr'><strong>Novem,&#39;</strong></span> <span class='ocrx_word' id='word_1_183' title='bbox 847 1368 997 1422; x_wconf 85' lang='lat' dir='ltr'><strong>inquit,</strong></span> <span class='ocrx_word' id='word_1_184' title='bbox 1035 1373 1267 1407; x_wconf 77' lang='lat' dir='ltr'><strong>‘annorum</strong></span> <span class='ocrx_word' id='word_1_185' title='bbox 1303 1383 1326 1408; x_wconf 87' lang='lat' dir='ltr'><strong>a</strong></span> <span class='ocrx_word' id='word_1_186' title='bbox 1358 1368 1473 1408; x_wconf 88' lang='lat' dir='ltr'><strong>vobis</strong></span> <span class='ocrx_word' id='word_1_187' title='bbox 1505 1368 1727 1423; x_wconf 88' lang='lat' dir='ltr'><strong>profectus,</strong></span> 
     </span>
     <span class='ocr_line' id='line_1_35' title="bbox 347 1424 1759 1480; baseline -0.004 -14"><span class='ocrx_word' id='word_1_188' title='bbox 347 1431 468 1480; x_wconf 85' lang='lat' dir='ltr'><strong>‘post</strong></span> <span class='ocrx_word' id='word_1_189' title='bbox 488 1434 651 1466; x_wconf 81' lang='lat' dir='ltr'><strong>sextum</strong></span> <span class='ocrx_word' id='word_1_190' title='bbox 673 1434 715 1465; x_wconf 88' lang='lat' dir='ltr'><strong>et</strong></span> <span class='ocrx_word' id='word_1_191' title='bbox 736 1424 989 1464; x_wconf 88' lang='lat' dir='ltr'><strong>tricesimum</strong></span> <span class='ocrx_word' id='word_1_192' title='bbox 1015 1439 1172 1464; x_wconf 87' lang='lat' dir='ltr'><strong>annum</strong></span> <span class='ocrx_word' id='word_1_193' title='bbox 1197 1424 1313 1464; x_wconf 91' lang='lat' dir='ltr'><strong>redii.</strong></span> <span class='ocrx_word' id='word_1_194' title='bbox 1376 1424 1581 1464; x_wconf 86' lang='lat' dir='ltr'><strong>Militares</strong></span> <span class='ocrx_word' id='word_1_195' title='bbox 1606 1432 1726 1474; x_wconf 87' lang='lat' dir='ltr'><strong>artes,</strong></span> <span class='ocrx_word' id='word_1_196' title='bbox 1742 1440 1759 1461; x_wconf 81' lang='lat'>2</span> 
     </span>
     <span class='ocr_line' id='line_1_36' title="bbox 348 1481 1759 1536; baseline -0.001 -14"><span class='ocrx_word' id='word_1_197' title='bbox 348 1488 477 1535; x_wconf 84' lang='lat' dir='ltr'><strong>‘quas</strong></span> <span class='ocrx_word' id='word_1_198' title='bbox 513 1497 579 1522; x_wconf 89' lang='lat' dir='ltr'><strong>me</strong></span> <span class='ocrx_word' id='word_1_199' title='bbox 615 1497 639 1521; x_wconf 87' lang='lat' dir='ltr'><strong>a</strong></span> <span class='ocrx_word' id='word_1_200' title='bbox 673 1496 803 1536; x_wconf 86' lang='lat' dir='ltr'><strong>puero</strong></span> <span class='ocrx_word' id='word_1_201' title='bbox 843 1481 1009 1520; x_wconf 81' lang='lat' dir='ltr'><strong>fortuna</strong></span> <span class='ocrx_word' id='word_1_202' title='bbox 1048 1495 1161 1520; x_wconf 87' lang='lat' dir='ltr'><strong>nunc</strong></span> <span class='ocrx_word' id='word_1_203' title='bbox 1201 1481 1372 1535; x_wconf 86' lang='lat' dir='ltr'><strong>privata,</strong></span> <span class='ocrx_word' id='word_1_204' title='bbox 1410 1495 1522 1521; x_wconf 88' lang='lat' dir='ltr'><strong>nune</strong></span> <span class='ocrx_word' id='word_1_205' title='bbox 1561 1481 1759 1536; x_wconf 83' lang='lat' dir='ltr'><strong>publica3</strong></span> 
     </span>
     <span class='ocr_line' id='line_1_37' title="bbox 348 1536 1727 1593; baseline 0.001 -17"><span class='ocrx_word' id='word_1_206' title='bbox 348 1538 528 1587; x_wconf 85' lang='lat' dir='ltr'><strong>‘docuit,</strong></span> <span class='ocrx_word' id='word_1_207' title='bbox 565 1539 693 1593; x_wconf 85' lang='lat' dir='ltr'><strong>probe</strong></span> <span class='ocrx_word' id='word_1_208' title='bbox 730 1537 874 1578; x_wconf 88' lang='lat' dir='ltr'><strong>videor</strong></span> <span class='ocrx_word' id='word_1_209' title='bbox 913 1537 1027 1577; x_wconf 87' lang='lat' dir='ltr'><strong>scire.</strong></span> <span class='ocrx_word' id='word_1_210' title='bbox 1092 1536 1219 1577; x_wconf 88' lang='lat' dir='ltr'><strong>Urbis</strong></span> <span class='ocrx_word' id='word_1_211' title='bbox 1260 1552 1306 1576; x_wconf 85' lang='lat' dir='ltr'><strong>ac</strong></span> <span class='ocrx_word' id='word_1_212' title='bbox 1346 1537 1423 1577; x_wconf 89' lang='lat' dir='ltr'><strong>fori</strong></span> <span class='ocrx_word' id='word_1_213' title='bbox 1463 1537 1564 1586; x_wconf 89' lang='lat' dir='ltr'><strong>iura,</strong></span> <span class='ocrx_word' id='word_1_214' title='bbox 1601 1537 1727 1592; x_wconf 89' lang='lat' dir='ltr'><strong>leges,</strong></span> 
     </span>
     <span class='ocr_line' id='line_1_38' title="bbox 348 1592 1726 1648; baseline 0 -15"><span class='ocrx_word' id='word_1_215' title='bbox 348 1600 520 1642; x_wconf 82' lang='lat' dir='ltr'><strong>‘moreS,</strong></span> <span class='ocrx_word' id='word_1_216' title='bbox 543 1609 614 1635; x_wconf 90' lang='lat' dir='ltr'><strong>vos</strong></span> <span class='ocrx_word' id='word_1_217' title='bbox 642 1609 708 1634; x_wconf 90' lang='lat' dir='ltr'><strong>me</strong></span> <span class='ocrx_word' id='word_1_218' title='bbox 737 1602 902 1648; x_wconf 88' lang='lat' dir='ltr'><strong>oportet</strong></span> <span class='ocrx_word' id='word_1_219' title='bbox 930 1593 1137 1633; x_wconf 60' lang='lat' dir='ltr'><strong>doceatis?</strong></span> <span class='ocrx_word' id='word_1_220' title='bbox 1198 1592 1408 1633; x_wconf 84' lang='lat' dir='ltr'><strong>Excusata</strong></span> <span class='ocrx_word' id='word_1_221' title='bbox 1432 1593 1726 1648; x_wconf 88' lang='lat' dir='ltr'><strong>imprudentia,</strong></span> 
     </span>
     <span class='ocr_line' id='line_1_39' title="bbox 346 1649 1729 1704; baseline 0.001 -15"><span class='ocrx_word' id='word_1_222' title='bbox 346 1649 398 1690; x_wconf 90' lang='lat' dir='ltr'><strong>de</strong></span> <span class='ocrx_word' id='word_1_223' title='bbox 420 1665 521 1704; x_wconf 88' lang='lat' dir='ltr'><strong>pace</strong></span> <span class='ocrx_word' id='word_1_224' title='bbox 543 1650 683 1690; x_wconf 90' lang='lat' dir='ltr'><strong>multis</strong></span> <span class='ocrx_word' id='word_1_225' title='bbox 704 1650 838 1690; x_wconf 88' lang='lat' dir='ltr'><strong>verbis</strong></span> <span class='ocrx_word' id='word_1_226' title='bbox 860 1650 1065 1698; x_wconf 88' lang='lat' dir='ltr'><strong>disseruit,</strong></span> <span class='ocrx_word' id='word_1_227' title='bbox 1089 1663 1214 1703; x_wconf 89' lang='lat' dir='ltr'><strong>quam</strong></span> <span class='ocrx_word' id='word_1_228' title='bbox 1235 1664 1313 1689; x_wconf 87' lang='lat' dir='ltr'><strong>nee</strong></span> <span class='ocrx_word' id='word_1_229' title='bbox 1334 1649 1491 1704; x_wconf 90' lang='lat' dir='ltr'><strong>iniqua,</strong></span> <span class='ocrx_word' id='word_1_230' title='bbox 1515 1658 1558 1689; x_wconf 93' lang='lat' dir='ltr'><strong>et</strong></span> <span class='ocrx_word' id='word_1_231' title='bbox 1585 1663 1729 1690; x_wconf 88' lang='lat' dir='ltr'><strong>neces-</strong></span> 
     </span>
     <span class='ocr_line' id='line_1_40' title="bbox 346 1705 1728 1760; baseline 0 -14"><span class='ocrx_word' id='word_1_232' title='bbox 346 1706 451 1746; x_wconf 88' lang='lat' dir='ltr'><strong>saria</strong></span> <span class='ocrx_word' id='word_1_233' title='bbox 486 1714 602 1746; x_wconf 87' lang='lat' dir='ltr'><strong>esset.</strong></span> <span class='ocrx_word' id='word_1_234' title='bbox 665 1705 716 1744; x_wconf 90' lang='lat' dir='ltr'><strong>Id</strong></span> <span class='ocrx_word' id='word_1_235' title='bbox 749 1706 936 1745; x_wconf 87' lang='lat' dir='ltr'><strong>omnium</strong></span> <span class='ocrx_word' id='word_1_236' title='bbox 969 1706 1149 1745; x_wconf 82' lang='lat' dir='ltr'><strong>maxime</strong></span> <span class='ocrx_word' id='word_1_237' title='bbox 1184 1705 1352 1746; x_wconf 88' lang='lat' dir='ltr'><strong>difficile</strong></span> <span class='ocrx_word' id='word_1_238' title='bbox 1388 1714 1487 1755; x_wconf 89' lang='lat' dir='ltr'><strong>erat,</strong></span> <span class='ocrx_word' id='word_1_239' title='bbox 1524 1705 1639 1760; x_wconf 89' lang='lat' dir='ltr'><strong>quod</strong></span> <span class='ocrx_word' id='word_1_240' title='bbox 1674 1720 1728 1746; x_wconf 85' lang='lat' dir='ltr'><strong>ex</strong></span> 
     </span>
     <span class='ocr_line' id='line_1_41' title="bbox 345 1761 1729 1816; baseline 0 -14"><span class='ocrx_word' id='word_1_241' title='bbox 345 1762 519 1802; x_wconf 88' lang='lat' dir='ltr'><strong>navibus</strong></span> <span class='ocrx_word' id='word_1_242' title='bbox 539 1776 614 1816; x_wconf 92' lang='lat' dir='ltr'><strong>per</strong></span> <span class='ocrx_word' id='word_1_243' title='bbox 637 1761 820 1801; x_wconf 88' lang='lat' dir='ltr'><strong>indutias</strong></span> <span class='ocrx_word' id='word_1_244' title='bbox 845 1761 975 1815; x_wconf 85' lang='lat' dir='ltr'><strong>captis</strong></span> <span class='ocrx_word' id='word_1_245' title='bbox 1000 1761 1118 1809; x_wconf 88' lang='lat' dir='ltr'><strong>nihil,</strong></span> <span class='ocrx_word' id='word_1_246' title='bbox 1140 1770 1304 1815; x_wconf 89' lang='lat' dir='ltr'><strong>praeter</strong></span> <span class='ocrx_word' id='word_1_247' title='bbox 1331 1762 1438 1816; x_wconf 83' lang='lat' dir='ltr'><strong>ipsas</strong></span> <span class='ocrx_word' id='word_1_248' title='bbox 1464 1762 1729 1816; x_wconf 85' lang='lat' dir='ltr'><strong>comparebat</strong></span> 
     </span>
     <span class='ocr_line' id='line_1_42' title="bbox 346 1817 1760 1872; baseline 0 -14"><span class='ocrx_word' id='word_1_249' title='bbox 346 1833 495 1858; x_wconf 87' lang='lat' dir='ltr'><strong>naves:</strong></span> <span class='ocrx_word' id='word_1_250' title='bbox 529 1832 667 1872; x_wconf 89' lang='lat' dir='ltr'><strong>neque</strong></span> <span class='ocrx_word' id='word_1_251' title='bbox 690 1817 903 1871; x_wconf 88' lang='lat' dir='ltr'><strong>inquisitio</strong></span> <span class='ocrx_word' id='word_1_252' title='bbox 925 1825 1012 1857; x_wconf 88' lang='lat' dir='ltr'><strong>erat</strong></span> <span class='ocrx_word' id='word_1_253' title='bbox 1031 1817 1174 1865; x_wconf 86' lang='lat' dir='ltr'><strong>facilis,</strong></span> <span class='ocrx_word' id='word_1_254' title='bbox 1197 1817 1509 1857; x_wconf 85' lang='lat' dir='ltr'><strong>adversantibus</strong></span> <span class='ocrx_word' id='word_1_255' title='bbox 1530 1818 1636 1872; x_wconf 88' lang='lat' dir='ltr'><strong>paci,</strong></span> <span class='ocrx_word' id='word_1_256' title='bbox 1655 1818 1727 1872; x_wconf 91' lang='lat' dir='ltr'><strong>qui</strong></span> <span class='ocrx_word' id='word_1_257' title='bbox 1741 1838 1760 1866; x_wconf 84' lang='lat'>4</span> 
     </span>
     <span class='ocr_line' id='line_1_43' title="bbox 346 1873 1729 1928; baseline 0 -14"><span class='ocrx_word' id='word_1_258' title='bbox 346 1882 627 1928; x_wconf 83' lang='lat' dir='ltr'><strong>arguerentur.</strong></span> <span class='ocrx_word' id='word_1_259' title='bbox 690 1873 854 1913; x_wconf 89' lang='lat' dir='ltr'><strong>Placuit</strong></span> <span class='ocrx_word' id='word_1_260' title='bbox 884 1888 1008 1913; x_wconf 87' lang='lat' dir='ltr'><strong>naves</strong></span> <span class='ocrx_word' id='word_1_261' title='bbox 1038 1873 1170 1921; x_wconf 89' lang='lat' dir='ltr'><strong>reddi,</strong></span> <span class='ocrx_word' id='word_1_262' title='bbox 1197 1881 1238 1913; x_wconf 88' lang='lat' dir='ltr'><strong>et</strong></span> <span class='ocrx_word' id='word_1_263' title='bbox 1268 1873 1458 1913; x_wconf 88' lang='lat' dir='ltr'><strong>homines</strong></span> <span class='ocrx_word' id='word_1_264' title='bbox 1488 1874 1633 1928; x_wconf 91' lang='lat' dir='ltr'><strong>utique</strong></span> <span class='ocrx_word' id='word_1_265' title='bbox 1663 1875 1729 1914; x_wconf 89' lang='lat' dir='ltr'><strong>in-</strong></span> 
     </span>
     <span class='ocr_line' id='line_1_44' title="bbox 347 1925 1728 1985; baseline 0 -15"><span class='ocrx_word' id='word_1_266' title='bbox 347 1925 466 1985; x_wconf 82' lang='lat' dir='ltr'><strong>quiri.</strong></span> <span class='ocrx_word' id='word_1_267' title='bbox 532 1929 696 1977; x_wconf 83' lang='lat' dir='ltr'><strong>Cetera,</strong></span> <span class='ocrx_word' id='word_1_268' title='bbox 732 1944 838 1983; x_wconf 90' lang='lat' dir='ltr'><strong>quae</strong></span> <span class='ocrx_word' id='word_1_269' title='bbox 880 1929 1083 1977; x_wconf 88' lang='lat' dir='ltr'><strong>abessent,</strong></span> <span class='ocrx_word' id='word_1_270' title='bbox 1117 1929 1374 1969; x_wconf 88' lang='lat' dir='ltr'><strong>aestimanda</strong></span> <span class='ocrx_word' id='word_1_271' title='bbox 1417 1929 1602 1984; x_wconf 87' lang='lat' dir='ltr'><strong>Scipioni</strong></span> <span class='ocrx_word' id='word_1_272' title='bbox 1633 1945 1728 1985; x_wconf 91' lang='lat' dir='ltr'><strong>per-</strong></span> 
     </span>
     <span class='ocr_line' id='line_1_45' title="bbox 346 1984 1729 2041; baseline 0.001 -16"><span class='ocrx_word' id='word_1_273' title='bbox 346 1986 480 2026; x_wconf 85' lang='lat' dir='ltr'><strong>mitti:</strong></span> <span class='ocrx_word' id='word_1_274' title='bbox 514 1994 638 2040; x_wconf 88' lang='lat' dir='ltr'><strong>atque</strong></span> <span class='ocrx_word' id='word_1_275' title='bbox 660 1985 717 2025; x_wconf 90' lang='lat' dir='ltr'><strong>ita</strong></span> <span class='ocrx_word' id='word_1_276' title='bbox 741 1985 920 2039; x_wconf 85' lang='lat' dir='ltr'><strong>pecunia</strong></span> <span class='ocrx_word' id='word_1_277' title='bbox 944 1984 1057 2024; x_wconf 90' lang='lat' dir='ltr'><strong>luere</strong></span> <span class='ocrx_word' id='word_1_278' title='bbox 1084 1984 1461 2039; x_wconf 82' lang='lat' dir='ltr'><strong>Carthaginienses.</strong></span> <span class='ocrx_word' id='word_1_279' title='bbox 1527 1985 1634 2026; x_wconf 84' lang='lat' dir='ltr'><strong>Sunt</strong></span> <span class='ocrx_word' id='word_1_280' title='bbox 1655 1987 1729 2041; x_wconf 90' lang='lat' dir='ltr'><strong>qui</strong></span> 
     </span>
     <span class='ocr_line' id='line_1_46' title="bbox 347 2041 1729 2097; baseline 0.001 -16"><span class='ocrx_word' id='word_1_281' title='bbox 347 2042 631 2082; x_wconf 89' lang='lat' dir='ltr'><strong>Hannibalem</strong></span> <span class='ocrx_word' id='word_1_282' title='bbox 662 2056 714 2082; x_wconf 85' lang='lat' dir='ltr'><strong>ex</strong></span> <span class='ocrx_word' id='word_1_283' title='bbox 745 2041 831 2081; x_wconf 89' lang='lat' dir='ltr'><strong>acie</strong></span> <span class='ocrx_word' id='word_1_284' title='bbox 863 2041 916 2080; x_wconf 90' lang='lat' dir='ltr'><strong>ad</strong></span> <span class='ocrx_word' id='word_1_285' title='bbox 947 2055 1057 2081; x_wconf 88' lang='lat' dir='ltr'><strong>mare</strong></span> <span class='ocrx_word' id='word_1_286' title='bbox 1087 2042 1334 2095; x_wconf 87' lang='lat' dir='ltr'><strong>pervenisse,</strong></span> <span class='ocrx_word' id='word_1_287' title='bbox 1358 2042 1456 2082; x_wconf 90' lang='lat' dir='ltr'><strong>inde</strong></span> <span class='ocrx_word' id='word_1_288' title='bbox 1487 2051 1729 2097; x_wconf 84' lang='lat' dir='ltr'><strong>praeparata</strong></span> 
     </span>
     <span class='ocr_line' id='line_1_47' title="bbox 346 2096 1724 2152; baseline 0.001 -14"><span class='ocrx_word' id='word_1_289' title='bbox 346 2113 449 2138; x_wconf 85' lang='lat' dir='ltr'><strong>nave</strong></span> <span class='ocrx_word' id='word_1_290' title='bbox 481 2098 533 2138; x_wconf 90' lang='lat' dir='ltr'><strong>ad</strong></span> <span class='ocrx_word' id='word_1_291' title='bbox 563 2113 705 2152; x_wconf 86' lang='lat' dir='ltr'><strong>regem</strong></span> <span class='ocrx_word' id='word_1_292' title='bbox 738 2096 996 2137; x_wconf 87' lang='lat' dir='ltr'><strong>Antiochum</strong></span> <span class='ocrx_word' id='word_1_293' title='bbox 1028 2097 1239 2151; x_wconf 84' lang='lat' dir='ltr'><strong>extemplo</strong></span> <span class='ocrx_word' id='word_1_294' title='bbox 1269 2097 1499 2151; x_wconf 84' lang='lat' dir='ltr'><strong>profectum</strong></span> <span class='ocrx_word' id='word_1_295' title='bbox 1532 2098 1724 2139; x_wconf 85' lang='lat' dir='ltr'><strong>tradant:</strong></span> 
     </span>
     <span class='ocr_line' id='line_1_48' title="bbox 345 2152 1726 2208; baseline 0.001 -15"><span class='ocrx_word' id='word_1_296' title='bbox 345 2154 656 2208; x_wconf 85' lang='lat' dir='ltr'><strong>postulantique</strong></span> <span class='ocrx_word' id='word_1_297' title='bbox 688 2162 783 2193; x_wconf 89' lang='lat' dir='ltr'><strong>ante</strong></span> <span class='ocrx_word' id='word_1_298' title='bbox 814 2153 954 2193; x_wconf 90' lang='lat' dir='ltr'><strong>omnia</strong></span> <span class='ocrx_word' id='word_1_299' title='bbox 987 2152 1184 2208; x_wconf 83' lang='lat' dir='ltr'><strong>Scipioni,</strong></span> <span class='ocrx_word' id='word_1_300' title='bbox 1217 2162 1264 2193; x_wconf 90' lang='lat' dir='ltr'><strong>ut</strong></span> <span class='ocrx_word' id='word_1_301' title='bbox 1295 2153 1507 2194; x_wconf 83' lang='lat' dir='ltr'><strong>Hannibal</strong></span> <span class='ocrx_word' id='word_1_302' title='bbox 1538 2154 1615 2194; x_wconf 91' lang='lat' dir='ltr'><strong>sibi</strong></span> <span class='ocrx_word' id='word_1_303' title='bbox 1645 2162 1726 2195; x_wconf 88' lang='lat' dir='ltr'><strong>tra-</strong></span> 
     </span>
     <span class='ocr_line' id='line_1_49' title="bbox 346 2208 1683 2265; baseline 0.001 -15"><span class='ocrx_word' id='word_1_304' title='bbox 346 2210 528 2259; x_wconf 85' lang='lat' dir='ltr'><strong>deretur,</strong></span> <span class='ocrx_word' id='word_1_305' title='bbox 551 2224 793 2265; x_wconf 88' lang='lat' dir='ltr'><strong>responsum</strong></span> <span class='ocrx_word' id='word_1_306' title='bbox 817 2224 918 2257; x_wconf 90' lang='lat' dir='ltr'><strong>esse,</strong></span> <span class='ocrx_word' id='word_1_307' title='bbox 943 2208 1226 2249; x_wconf 89' lang='lat' dir='ltr'><strong>Hannibalem</strong></span> <span class='ocrx_word' id='word_1_308' title='bbox 1247 2210 1290 2249; x_wconf 91' lang='lat' dir='ltr'><strong>in</strong></span> <span class='ocrx_word' id='word_1_309' title='bbox 1313 2209 1457 2250; x_wconf 86' lang='lat' dir='ltr'><strong>Africa</strong></span> <span class='ocrx_word' id='word_1_310' title='bbox 1477 2225 1562 2250; x_wconf 92' lang='lat' dir='ltr'><strong>non</strong></span> <span class='ocrx_word' id='word_1_311' title='bbox 1584 2225 1683 2251; x_wconf 90' lang='lat' dir='ltr'><strong>esse.</strong></span> 
     </span>
    </p>

    <p class='ocr_par' dir='ltr' id='par_1_8' title="bbox 346 2265 1756 2435">
     <span class='ocr_line' id='line_1_50' title="bbox 404 2265 1728 2321; baseline 0 -14"><span class='ocrx_word' id='word_1_312' title='bbox 404 2266 629 2321; x_wconf 86' lang='lat' dir='ltr'><strong>Postquam</strong></span> <span class='ocrx_word' id='word_1_313' title='bbox 659 2266 872 2306; x_wconf 89' lang='lat' dir='ltr'><strong>redierunt</strong></span> <span class='ocrx_word' id='word_1_314' title='bbox 899 2265 952 2306; x_wconf 89' lang='lat' dir='ltr'><strong>ad</strong></span> <span class='ocrx_word' id='word_1_315' title='bbox 984 2265 1222 2320; x_wconf 88' lang='lat' dir='ltr'><strong>Scipionem</strong></span> <span class='ocrx_word' id='word_1_316' title='bbox 1247 2265 1372 2320; x_wconf 88' lang='lat' dir='ltr'><strong>legati</strong></span> <span class='ocrx_word' id='word_1_317' title='bbox 1388 2281 1398 2313; x_wconf 84' lang='lat'><em>3</em></span> <span class='ocrx_word' id='word_1_318' title='bbox 1432 2281 1538 2320; x_wconf 88' lang='lat' dir='ltr'><strong>quae</strong></span> <span class='ocrx_word' id='word_1_319' title='bbox 1560 2266 1728 2321; x_wconf 88' lang='lat' dir='ltr'><strong>publica</strong></span> 
     </span>
     <span class='ocr_line' id='line_1_51' title="bbox 346 2321 1727 2377; baseline 0.001 -16"><span class='ocrx_word' id='word_1_320' title='bbox 346 2323 389 2361; x_wconf 92' lang='lat' dir='ltr'><strong>in</strong></span> <span class='ocrx_word' id='word_1_321' title='bbox 417 2323 589 2363; x_wconf 89' lang='lat' dir='ltr'><strong>navibus</strong></span> <span class='ocrx_word' id='word_1_322' title='bbox 616 2323 793 2370; x_wconf 85' lang='lat' dir='ltr'><strong>fuerant,</strong></span> <span class='ocrx_word' id='word_1_323' title='bbox 823 2336 875 2362; x_wconf 83' lang='lat' dir='ltr'><strong>ex</strong></span> <span class='ocrx_word' id='word_1_324' title='bbox 903 2321 1080 2376; x_wconf 85' lang='lat' dir='ltr'><strong>publicis</strong></span> <span class='ocrx_word' id='word_1_325' title='bbox 1108 2321 1315 2376; x_wconf 90' lang='lat' dir='ltr'><strong>descripta</strong></span> <span class='ocrx_word' id='word_1_326' title='bbox 1341 2321 1571 2362; x_wconf 88' lang='lat' dir='ltr'><strong>rationibus</strong></span> <span class='ocrx_word' id='word_1_327' title='bbox 1598 2337 1727 2377; x_wconf 88' lang='lat' dir='ltr'><strong>quae-</strong></span> 
     </span>
     <span class='ocr_line' id='line_1_52' title="bbox 346 2377 1756 2435; baseline 0.001 -17"><span class='ocrx_word' id='word_1_328' title='bbox 346 2386 474 2420; x_wconf 86' lang='lat' dir='ltr'><strong>stores</strong></span> <span class='ocrx_word' id='word_1_329' title='bbox 491 2395 499 2419; x_wconf 92' lang='lat'>:</span> <span class='ocrx_word' id='word_1_330' title='bbox 534 2393 640 2434; x_wconf 90' lang='lat' dir='ltr'><strong>quae</strong></span> <span class='ocrx_word' id='word_1_331' title='bbox 662 2378 833 2435; x_wconf 88' lang='lat' dir='ltr'><strong>privata,</strong></span> <span class='ocrx_word' id='word_1_332' title='bbox 855 2378 1041 2434; x_wconf 89' lang='lat' dir='ltr'><strong>profiteri</strong></span> <span class='ocrx_word' id='word_1_333' title='bbox 1062 2377 1222 2418; x_wconf 90' lang='lat' dir='ltr'><strong>domini</strong></span> <span class='ocrx_word' id='word_1_334' title='bbox 1243 2378 1341 2418; x_wconf 89' lang='lat' dir='ltr'><strong>iussi</strong></span> <span class='ocrx_word' id='word_1_335' title='bbox 1358 2393 1368 2426; x_wconf 82' lang='lat'><em>3</em></span> <span class='ocrx_word' id='word_1_336' title='bbox 1401 2392 1476 2433; x_wconf 90' lang='lat' dir='ltr'><strong>pro</strong></span> <span class='ocrx_word' id='word_1_337' title='bbox 1497 2393 1546 2418; x_wconf 90' lang='lat' dir='ltr'><strong>ea</strong></span> <span class='ocrx_word' id='word_1_338' title='bbox 1566 2393 1726 2419; x_wconf 88' lang='lat' dir='ltr'><strong>summa</strong></span> <span class='ocrx_word' id='word_1_339' title='bbox 1739 2394 1756 2426; x_wconf 86' lang='lat'><strong><em>5</em></strong></span> 
     </span>
    </p>
   </div>
   <div class='ocr_carea' id='block_1_7' title="bbox 348 2502 1726 2835">
    <p class='ocr_par' dir='ltr' id='par_1_9' title="bbox 348 2502 1726 2835">
     <span class='ocr_line' id='line_1_53' title="bbox 392 2502 1726 2543; baseline 0.001 -10"><span class='ocrx_word' id='word_1_340' title='bbox 392 2514 402 2533; x_wconf 96' lang='lat'>1</span> <span class='ocrx_word' id='word_1_341' title='bbox 428 2505 589 2542; x_wconf 65' lang='lat' dir='ltr'><strong>Auoeiliz&#39;s]</strong></span> <span class='ocrx_word' id='word_1_342' title='bbox 616 2505 656 2535; x_wconf 90' lang='lat' dir='ltr'><strong>cf.</strong></span> <span class='ocrx_word' id='word_1_343' title='bbox 674 2504 767 2543; x_wconf 85' lang='lat' dir='ltr'><strong>Supr.</strong></span> <span class='ocrx_word' id='word_1_344' title='bbox 784 2503 893 2533; x_wconf 82' lang='lat' dir='ltr'><strong>xxviii.</strong></span> <span class='ocrx_word' id='word_1_345' title='bbox 914 2502 962 2534; x_wconf 84' lang='lat'><strong>16.</strong></span> <span class='ocrx_word' id='word_1_346' title='bbox 1051 2504 1200 2542; x_wconf 74' lang='lat' dir='ltr'><strong>publiea]</strong></span> <span class='ocrx_word' id='word_1_347' title='bbox 1229 2503 1279 2533; x_wconf 82' lang='lat' dir='ltr'><strong>Ea</strong></span> <span class='ocrx_word' id='word_1_348' title='bbox 1295 2503 1421 2534; x_wconf 81' lang='lat' dir='ltr'><strong>vivendi</strong></span> <span class='ocrx_word' id='word_1_349' title='bbox 1438 2513 1515 2541; x_wconf 85' lang='lat' dir='ltr'><strong>sors,</strong></span> <span class='ocrx_word' id='word_1_350' title='bbox 1530 2514 1626 2543; x_wconf 89' lang='lat' dir='ltr'><strong>quam</strong></span> <span class='ocrx_word' id='word_1_351' title='bbox 1646 2505 1726 2536; x_wconf 84' lang='lat' dir='ltr'><strong>mihi</strong></span> 
     </span>
     <span class='ocr_line' id='line_1_54' title="bbox 389 2545 1726 2584; baseline 0.002 -10"><span class='ocrx_word' id='word_1_352' title='bbox 389 2555 406 2574; x_wconf 80' lang='lat'>2</span> <span class='ocrx_word' id='word_1_353' title='bbox 430 2548 507 2576; x_wconf 74' lang='lat' dir='ltr'><strong>Post</strong></span> <span class='ocrx_word' id='word_1_354' title='bbox 532 2551 656 2576; x_wconf 63' lang='lat' dir='ltr'><strong>sartum</strong></span> <span class='ocrx_word' id='word_1_355' title='bbox 679 2551 709 2577; x_wconf 80' lang='lat' dir='ltr'><strong>et</strong></span> <span class='ocrx_word' id='word_1_356' title='bbox 734 2547 943 2582; x_wconf 75' lang='lat' dir='ltr'><strong>tricesimum]</strong></span> <span class='ocrx_word' id='word_1_357' title='bbox 970 2546 1010 2576; x_wconf 81' lang='lat' dir='ltr'><strong>cf.</strong></span> <span class='ocrx_word' id='word_1_358' title='bbox 1055 2556 1141 2574; x_wconf 89' lang='lat' dir='ltr'><strong>nunc</strong></span> <span class='ocrx_word' id='word_1_359' title='bbox 1186 2545 1311 2584; x_wconf 85' lang='lat' dir='ltr'><strong>privata</strong></span> <span class='ocrx_word' id='word_1_360' title='bbox 1347 2546 1476 2575; x_wconf 88' lang='lat' dir='ltr'><strong>fortuna</strong></span> <span class='ocrx_word' id='word_1_361' title='bbox 1512 2555 1596 2584; x_wconf 82' lang='lat' dir='ltr'><strong>mea,</strong></span> <span class='ocrx_word' id='word_1_362' title='bbox 1638 2557 1726 2577; x_wconf 86' lang='lat' dir='ltr'><strong>nune</strong></span> 
     </span>
     <span class='ocr_line' id='line_1_55' title="bbox 348 2586 1725 2626; baseline 0.004 -12"><span class='ocrx_word' id='word_1_363' title='bbox 348 2587 440 2625; x_wconf 82' lang='lat' dir='ltr'><strong>Supr.</strong></span> <span class='ocrx_word' id='word_1_364' title='bbox 458 2596 506 2626; x_wconf 82' lang='lat'><strong>30.</strong></span> <span class='ocrx_word' id='word_1_365' title='bbox 523 2591 554 2617; x_wconf 87' lang='lat' dir='ltr'><strong>et</strong></span> <span class='ocrx_word' id='word_1_366' title='bbox 572 2597 588 2626; x_wconf 80' lang='lat'><strong>3</strong></span> <span class='ocrx_word' id='word_1_367' title='bbox 593 2595 620 2626; x_wconf 86' lang='lat'><strong>5.</strong></span> <span class='ocrx_word' id='word_1_368' title='bbox 659 2588 722 2618; x_wconf 87' lang='lat' dir='ltr'><strong>Sed</strong></span> <span class='ocrx_word' id='word_1_369' title='bbox 738 2588 816 2617; x_wconf 82' lang='lat' dir='ltr'><strong>haee</strong></span> <span class='ocrx_word' id='word_1_370' title='bbox 832 2597 924 2626; x_wconf 82' lang='lat' dir='ltr'><strong>aegre</strong></span> <span class='ocrx_word' id='word_1_371' title='bbox 941 2597 1013 2616; x_wconf 83' lang='lat' dir='ltr'><strong>con-</strong></span> <span class='ocrx_word' id='word_1_372' title='bbox 1058 2586 1188 2625; x_wconf 82' lang='lat' dir='ltr'><strong>publica</strong></span> <span class='ocrx_word' id='word_1_373' title='bbox 1225 2587 1428 2626; x_wconf 83' lang='lat' dir='ltr'><strong>Carthaginis</strong></span> <span class='ocrx_word' id='word_1_374' title='bbox 1463 2587 1590 2618; x_wconf 86' lang='lat' dir='ltr'><strong>fortuna</strong></span> <span class='ocrx_word' id='word_1_375' title='bbox 1626 2589 1725 2620; x_wconf 86' lang='lat' dir='ltr'><strong>dedit.</strong></span> 
     </span>
     <span class='ocr_line' id='line_1_56' title="bbox 348 2628 1164 2666; baseline 0.002 -10"><span class='ocrx_word' id='word_1_376' title='bbox 348 2628 447 2657; x_wconf 80' lang='lat' dir='ltr'><strong>eiliari</strong></span> <span class='ocrx_word' id='word_1_377' title='bbox 472 2639 564 2666; x_wconf 85' lang='lat' dir='ltr'><strong>posse</strong></span> <span class='ocrx_word' id='word_1_378' title='bbox 588 2628 750 2658; x_wconf 83' lang='lat' dir='ltr'><strong>existimat</strong></span> <span class='ocrx_word' id='word_1_379' title='bbox 774 2628 913 2659; x_wconf 81' lang='lat' dir='ltr'><strong>Crevier.</strong></span> <span class='ocrx_word' id='word_1_380' title='bbox 940 2638 1013 2658; x_wconf 87' lang='lat' dir='ltr'><strong>eum</strong></span> <span class='ocrx_word' id='word_1_381' title='bbox 1059 2628 1164 2658; x_wconf 68' lang='grc' dir='ltr'><strong>ΟΜΝ.</strong></span> 
     </span>
     <span class='ocr_line' id='line_1_57' title="bbox 348 2670 1724 2709; baseline 0.003 -12"><span class='ocrx_word' id='word_1_382' title='bbox 348 2679 396 2701; x_wconf 78' lang='lat' dir='ltr'><strong>eo,</strong></span> <span class='ocrx_word' id='word_1_383' title='bbox 415 2671 499 2706; x_wconf 83' lang='lat' dir='ltr'><strong>quod</strong></span> <span class='ocrx_word' id='word_1_384' title='bbox 521 2670 707 2708; x_wconf 82' lang='lat' dir='ltr'><strong>Carthagini</strong></span> <span class='ocrx_word' id='word_1_385' title='bbox 730 2670 897 2699; x_wconf 83' lang='lat' dir='ltr'><strong>Hannibal</strong></span> <span class='ocrx_word' id='word_1_386' title='bbox 919 2673 1014 2705; x_wconf 79' lang='lat' dir='ltr'><strong>esset,</strong></span> <span class='ocrx_word' id='word_1_387' title='bbox 1100 2681 1119 2707; x_wconf 91' lang='lat'>4</span> <span class='ocrx_word' id='word_1_388' title='bbox 1144 2671 1207 2705; x_wconf 77' lang='lat' dir='ltr'><strong>Qui</strong></span> <span class='ocrx_word' id='word_1_389' title='bbox 1229 2671 1461 2709; x_wconf 70' lang='lat' dir='ltr'><strong>aoyuerentur]</strong></span> <span class='ocrx_word' id='word_1_390' title='bbox 1489 2670 1534 2700; x_wconf 92' lang='lat' dir='ltr'><strong>Iis</strong></span> <span class='ocrx_word' id='word_1_391' title='bbox 1554 2670 1607 2709; x_wconf 92' lang='lat' dir='ltr'><strong>qui</strong></span> <span class='ocrx_word' id='word_1_392' title='bbox 1627 2681 1676 2701; x_wconf 85' lang='lat' dir='ltr'><strong>res</strong></span> <span class='ocrx_word' id='word_1_393' title='bbox 1692 2671 1724 2702; x_wconf 92' lang='lat' dir='ltr'><strong>in</strong></span> 
     </span>
     <span class='ocr_line' id='line_1_58' title="bbox 349 2710 1723 2751; baseline 0.005 -15"><span class='ocrx_word' id='word_1_394' title='bbox 349 2720 446 2745; x_wconf 78' lang='lat' dir='ltr'><strong>quum</strong></span> <span class='ocrx_word' id='word_1_395' title='bbox 463 2720 535 2740; x_wconf 84' lang='lat' dir='ltr'><strong>eum</strong></span> <span class='ocrx_word' id='word_1_396' title='bbox 554 2712 684 2741; x_wconf 83' lang='lat' dir='ltr'><strong>vixdum</strong></span> <span class='ocrx_word' id='word_1_397' title='bbox 702 2713 855 2750; x_wconf 82' lang='lat' dir='ltr'><strong>puberem</strong></span> <span class='ocrx_word' id='word_1_398' title='bbox 870 2711 1013 2740; x_wconf 84' lang='lat' dir='ltr'><strong>Hasdru-</strong></span> <span class='ocrx_word' id='word_1_399' title='bbox 1058 2710 1192 2740; x_wconf 76' lang='lat' dir='ltr'><strong>navibus</strong></span> <span class='ocrx_word' id='word_1_400' title='bbox 1208 2715 1318 2749; x_wconf 81' lang='lat' dir='ltr'><strong>captas</strong></span> <span class='ocrx_word' id='word_1_401' title='bbox 1333 2711 1493 2750; x_wconf 82' lang='lat' dir='ltr'><strong>possidere.</strong></span> <span class='ocrx_word' id='word_1_402' title='bbox 1508 2716 1723 2751; x_wconf 87' lang='lat' dir='ltr'><strong>arguerentur.</strong></span> 
     </span>
     <span class='ocr_line' id='line_1_59' title="bbox 350 2751 1723 2791; baseline 0.004 -13"><span class='ocrx_word' id='word_1_403' title='bbox 350 2751 401 2779; x_wconf 79' lang='lat' dir='ltr'><strong>bal</strong></span> <span class='ocrx_word' id='word_1_404' title='bbox 415 2751 512 2780; x_wconf 85' lang='lat' dir='ltr'><strong>literis</strong></span> <span class='ocrx_word' id='word_1_405' title='bbox 523 2753 563 2781; x_wconf 82' lang='lat' dir='ltr'><strong>ad</strong></span> <span class='ocrx_word' id='word_1_406' title='bbox 577 2763 609 2782; x_wconf 84' lang='lat' dir='ltr'><strong>se</strong></span> <span class='ocrx_word' id='word_1_407' title='bbox 621 2757 801 2783; x_wconf 82' lang='lat' dir='ltr'><strong>arcesseret.</strong></span> <span class='ocrx_word' id='word_1_408' title='bbox 818 2752 974 2791; x_wconf 85' lang='lat' dir='ltr'><strong>supr.xxi.</strong></span> <span class='ocrx_word' id='word_1_409' title='bbox 985 2761 1011 2791; x_wconf 76' lang='lat'><strong>3.</strong></span> <span class='ocrx_word' id='word_1_410' title='bbox 1101 2762 1117 2791; x_wconf 86' lang='lat'>5</span> <span class='ocrx_word' id='word_1_411' title='bbox 1142 2754 1312 2791; x_wconf 76' lang='lat' dir='ltr'><strong>Prostteri]</strong></span> <span class='ocrx_word' id='word_1_412' title='bbox 1348 2753 1422 2782; x_wconf 91' lang='lat' dir='ltr'><strong>Hoc</strong></span> <span class='ocrx_word' id='word_1_413' title='bbox 1450 2755 1579 2783; x_wconf 87' lang='lat' dir='ltr'><strong>verbum</strong></span> <span class='ocrx_word' id='word_1_414' title='bbox 1606 2755 1646 2783; x_wconf 90' lang='lat' dir='ltr'><strong>ad</strong></span> <span class='ocrx_word' id='word_1_415' title='bbox 1672 2756 1723 2784; x_wconf 80' lang='lat' dir='ltr'><strong>do-</strong></span> 
     </span>
     <span class='ocr_line' id='line_1_60' title="bbox 394 2793 1724 2835; baseline 0.004 -14"><span class='ocrx_word' id='word_1_416' title='bbox 394 2800 409 2829; x_wconf 77' lang='lat'><em>3</em></span> <span class='ocrx_word' id='word_1_417' title='bbox 442 2793 586 2823; x_wconf 78' lang='lat' dir='ltr'><strong>Fortuna</strong></span> <span class='ocrx_word' id='word_1_418' title='bbox 623 2804 710 2824; x_wconf 74' lang='lat' dir='ltr'><strong>nunc</strong></span> <span class='ocrx_word' id='word_1_419' title='bbox 745 2795 888 2833; x_wconf 71' lang='lat' dir='ltr'><strong>privata,</strong></span> <span class='ocrx_word' id='word_1_420' title='bbox 926 2804 1013 2824; x_wconf 72' lang='lat' dir='ltr'><strong>mmo</strong></span> <span class='ocrx_word' id='word_1_421' title='bbox 1058 2795 1157 2824; x_wconf 76' lang='lat' dir='ltr'><strong>minos</strong></span> <span class='ocrx_word' id='word_1_422' title='bbox 1182 2794 1308 2833; x_wconf 81' lang='lat' dir='ltr'><strong>proprie</strong></span> <span class='ocrx_word' id='word_1_423' title='bbox 1329 2794 1472 2832; x_wconf 80' lang='lat' dir='ltr'><strong>refertur,</strong></span> <span class='ocrx_word' id='word_1_424' title='bbox 1493 2796 1547 2826; x_wconf 80' lang='lat' dir='ltr'><strong>sed</strong></span> <span class='ocrx_word' id='word_1_425' title='bbox 1567 2797 1724 2835; x_wconf 76' lang='lat' dir='ltr'><strong>descripta</strong></span> 
     </span>
    </p>
   </div>
  </div>
 </body>
</html>
