1877 3178
369 116 448 154 322

867 100 1013 144 TITI
1054 96 1231 140 LIVII

169 216 214 247 U.
229 215 267 246 C.
290 223 360 254 542·
375 208 386 227 ‘
402 210 450 244 ut
470 199 643 242 annulos
673 197 749 239 sibi
770 195 958 251 quisque,
981 202 1023 231 et
1049 186 1229 242 coniugi,
1250 192 1293 226 et
1310 181 1461 230 liberis,
1483 187 1525 221 et
1543 177 1629 218 filio
1649 174 1740 216 bul·
1757 192 1767 212 ι

169 259 208 289 Α·
231 259 269 290 C·
292 266 362 288 ²¹0·
378 260 496 308 ‘lam,
522 266 576 307 et,
598 256 748 312 quibus
777 266 881 293 uxor
900 250 1060 290 filiaeve
1091 253 1199 292 sunt,
1221 239 1400 296 singulas
1430 236 1571 278 uncias
1601 231 1741 290 pondo
1755 248 1772 269 2

379 317 493 358 ‘auri
521 314 781 368 relinquant3
813 306 984 364 argenti,

1013 303 1085 360 qui
1113 299 1244 343 curuli
1276 297 1375 338 sella
1406 294 1613 340 sederunt,
1645 288 1743 344 equi

380 381 391 398 ‘
404 379 646 416 ornamenta
665 378 707 410 et
721 368 842 408 libras
857 363 1010 421 pondo,
1024 369 1072 401 ut
1092 358 1267 400 salinum
1283 352 1558 410 patellamque
1572 348 1743 388 deorum
1758 361 1775 391 3

381 438 392 456 ‘
408 446 530 473 causa
567 429 718 469 habere
753 424 921 480 possint.
985 416 1127 460 Ceteri
1161 421 1368 455 senatores
1406 409 1552 448 libram
1587 401 1747 459 argenti

382 495 394 513 ‘
407 496 579 535 tantum,
594 484 696 525 aeris
716 480 866 537 signati
879 478 1006 534 quina
1025 475 1082 515 mi

383 552 394 571 ⁶
410 545 701 599 relinquamus.

1084 473 1152 513 llia
1165 472 1206 511 in
1221 467 1403 523 singulos
1422 473 1558 521 patres
1571 459 1746 501 familiae

766 539 964 580 Ceterum
991 545 1112 573 omne
1138 542 1296 575 aurum,
1323 531 1551 579 argentum,
1574 532 1641 559 aes
1668 516 1749 568 sig-

383 609 395 627 ‘
408 611 563 649 natum,
581 599 632 640 ad
654 596 886 638 triumviros
907 588 1128 632 mensarios
1148 582 1357 638 extemplo
1378 579 1621 623 deferamus,
1635 572 1750 614 nullo
1763 593 1783 619 4

384 666 504 700 ‘ante
535 651 888 698 senatusconsulto

918 649 1047 689 facto:
1081 653 1128 685 ut
1147 639 1377 682 voluntaria
1406 634 1567 677 collatio
1595 640 1636 672 et
1665 644 1753 671 eer-

385 722 396 740 ‘
413 726 551 758 tamen
569 710 823 754 adiuvandae
844 704 1092 762 reipublicae
1113 699 1265 741 excitet
1281 696 1333 737 ad
1354 690 1644 736 aemulandum
1666 686 1755 727 ani-

387 780 398 798 ‘
415 788 503 814 mos
523 771 702 828 primum
716 765 914 822 equestris
928 760 1094 807 ordinis,
1112 757 1209 798 dein
1225 754 1406 808 reliquae
1426 748 1568 805 plebis.

1631 744 1754 785 Hanc

389 837 400 854 ‘
413 844 537 871 unam
558 828 678 874 viam,
700 823 831 864 multa
850 829 957 862 mter
977 833 1050 858 nos
1075 812 1280 860 collocuti,
1303 808 1489 850 consules
1510 802 1753 845 invenimus.

389 893 401 912 ‘
417 883 704 942 Ingredimini,
727 881 804 921 diis
823 880 930 919 bene
952 873 1197 915 iuvantibus.

1260 864 1513 921 Respublica
1539 857 1757 901 incolumis
1771 873 1788 904 5

390 950 402 968 ‘
419 952 460 985 et
478 943 654 998 privatas
670 953 732 979 res
747 936 865 977 facile
882 933 1009 974 salvas
1024 936 1224 986 praestat:
1258 923 1423 980 publica
1442 917 1671 976 prodendo,
1688 922 1760 954 tua

392 1007 402 1025 ς
415 1000 693 1055 DCquCqUaIn
714 992 872 1034 serves,

186 1070 330 1109 Magistr.
347 1072 379 1098 et
391 1066 437 1098 ut
461 1056 613 1111 gratiae
638 1052 746 1093 ultro
777 1047 1011 1090 consulibus
1033 1050 1262 1098 agerentur.

931 989 982 1030 In
1002 988 1104 1028 haec
1126 993 1239 1025 tanto
1260 995 1397 1022 animo
1419 988 1662 1018 consensum
1686 979 1759 1019 est,

1327 1036 1480 1077 Senatu
1503 1031 1599 1072 inde
1624 1029 1760 1075 misso,

186 1116 345 1159 senatores
391 1129 466 1170 pro
487 1128 528 1153 se
551 1111 725 1166 quisque
754 1120 912 1152 aurum,
934 1110 1150 1157 argentum
1172 1105 1214 1138 et
1235 1110 1301 1136 aes
1326 1094 1370 1133 in
1389 1090 1602 1147 publicum
1624 1085 1762 1127 confe-

188 1164 356 1194 pecuniam

186 1201 300 1236 sponte
310 1206 381 1225 con-

190 1240 304 1269 ferunt.

394 1179 503 1218 runt,
522 1177 636 1209 tanto
657 1163 880 1206 certamine
904 1160 1068 1205 iniecto,
1083 1164 1129 1196 ut
1148 1154 1281 1209 prima
1296 1152 1403 1191 inter
1423 1148 1576 1203 primos
1596 1142 1765 1184 nomina

395 1243 468 1269 sua
487 1225 641 1267 vellent
672 1223 713 1263 in
735 1219 912 1276 publicis
943 1214 1091 1257 tabulis
1112 1226 1226 1258 esse,
1257 1218 1304 1249 ut
1330 1222 1407 1247 nec
1438 1201 1640 1245 triumviri
1661 1198 1766 1239 acci-

192 1299 284 1328 Idem
301 1295 373 1326 faci·
395 1283 566 1341 piundo,
582 1296 658 1322 nec
676 1279 828 1319 scribae
850 1272 1071 1316 referundo
1093 1269 1337 1310 sufficerent.
1381 1262 1508 1303 Hunc
1522 1269 1766 1300 consensum
1779 1263 1799 1295 6

191 1343 249 1370 unt
264 1348 372 1377 eques-
398 1350 561 1383 senatus
582 1345 774 1393 equester
794 1333 894 1374 ordo
911 1339 972 1372 est
992 1336 1177 1369 secutus:
1211 1321 1411 1378 equestris
1432 1316 1599 1364 ordinis,
1613 1314 1766 1370 plebes.

191 1386 239 1412 ter
254 1382 330 1410 ordo
345 1383 377 1410 et
794 1392 802 1398 .
1004 1387 1011 1393 .

204 1425 293 1454 flebs.

193 1434 205 1463 l
400 1454 747 1510 supplementum,
770 1463 846 1488 nec

400 1511 590 1553 omnibus
611 1509 662 1549 ad
682 1506 850 1553 bellum,

200 1631 297 1678 Paria.
309 1634 377 1677 tum

199 1682 380 1745 ἲέᾞᾋῗὶ
405 1699 452 1724 ac
482 1688 597 1721 metu
616 1677 781 1719 fuerint.

202 1768 259 1787 nos
275 1758 353 1787 Poe·
408 1737 612 1794 Hispania
638 1735 829 1776 adversae
851 1745 927 1778 res,

203 1810 333 1838 nosque.
407 1795 607 1837 laetitiam
623 1792 871 1832 miscuerant
887 1803 896 1827 :

399 1399 463 1439 Ita
484 1398 571 1438 sine
600 1395 750 1442 edicto,
773 1406 860 1432 sme
883 1386 1129 1430 coermtione
1156 1381 1426 1435 magistratus,
1448 1390 1525 1415 nee
1550 1372 1704 1425 remige
1725 1369 1770 1409 in

875 1443 1081 1500 stipendio
1106 1437 1337 1495 respublica
1367 1433 1503 1489 eguit:
1535 1428 1770 1486 paratisque

872 1501 1059 1544 consules
1080 1499 1123 1538 in
1144 1494 1375 1552 provincias
1395 1488 1568 1547 profecti
1588 1493 1695 1527 sunt.

462 1568 612 1622 Neque
642 1563 754 1605 aliud
775 1571 937 1615 tempus
967 1557 1064 1599 belli
1084 1556 1174 1603 fuit,
1197 1567 1280 1608 quo
1303 1545 1665 1603 Carthaginienses
1686 1541 1774 1581 Ro-

403 1625 597 1679 manique
618 1621 770 1677 pariter
790 1618 910 1658 variis
926 1615 1085 1656 casibus
1106 1609 1283 1651 immixti
1305 1606 1433 1661 magis
1448 1605 1492 1644 in
1513 1599 1683 1656 ancipiti
1703 1612 1775 1653 spe

844 1673 954 1713 Nam
978 1668 1177 1711 Romanis
1207 1674 1249 1707 et
1278 1665 1320 1704 in
1348 1660 1581 1719 provinciis,
1603 1657 1701 1697 hinc:
1732 1655 1776 1694 in

949 1728 1047 1768 hinc
1069 1737 1284 1781 prosperae
1316 1721 1357 1760 in
1384 1717 1534 1765 Sicilia,
1555 1715 1714 1755 luctum
1735 1719 1778 1751 et

930 1795 971 1826 et
986 1785 1028 1824 in
1046 1781 1177 1829 Italia,
1195 1793 1325 1834 quum
1339 1776 1568 1816 Tarentum
1584 1770 1778 1811 amissum

409 1854 562 1894 damno
592 1858 633 1890 et
664 1846 806 1895 dolori,
838 1853 927 1884 tum
957 1856 1029 1882 arx
1059 1853 1154 1880 cum
1190 1833 1396 1891 praesidio
1426 1836 1587 1871 retenta
1616 1832 1780 1882 praeter

410 1925 525 1966 spem
555 1906 706 1963 gaudio
726 1903 825 1943 fuit:
859 1909 901 1941 et
928 1908 1123 1940 terrorem
1153 1893 1335 1934 subitum
1364 1899 1640 1945 pavoremque
1669 1880 1780 1922 urbis

413 1968 572 2008 Romae
609 1964 795 2004 obsessae
825 1967 868 1999 et
903 1961 1163 2012 oppugnatae
1197 1950 1343 2004 Capua
1380 1952 1473 2001 post
1508 1942 1596 1983 dies

1628 1951 1781 1995 anCOS

413 2032 533 2079 capta
553 2022 596 2062 in
608 2018 805 2060 laetitiam
818 2014 951 2055 vertit.
1014 2011 1330 2051 Transmarmae
1346 2016 1510 2058 quoque
1527 2013 1591 2040 res
1604 1995 1781 2053 quadam
1797 2012 1813 2043 7

462 2183 474 2203 Ι
499 2173 544 2202 Et
558 2171 632 2209 filio
655 2166 787 2203 bullam]
829 2162 924 2194 Pueri
951 2158 1079 2199 ingenui

418 2216 539 2245 bullam
560 2221 687 2242 auream
707 2209 738 2238 in
757 2208 889 2246 figuram
906 2203 1007 2234 cordis
1021 2202 1079 2231 for-

418 2261 539 2288 matam
569 2266 586 2285 e
613 2253 696 2283 collo
719 2258 901 2289 suspensam
928 2249 1001 2276 ante
1029 2253 1081 2282 pe-

422 2305 490 2330 ctus
511 2298 675 2338 gerebant:
701 2302 797 2332 quam
812 2290 905 2321 simul
922 2297 994 2317 curn
1010 2290 1083 2324 toga

422 2343 598 2381 praetexta,
613 2337 667 2368 ubi
688 2336 720 2365 in
738 2335 819 2365 viros
838 2331 1083 2363 ascribebantur,

423 2383 634 2423 deponebant.
683 2376 918 2409 Libertinorum
944 2371 1001 2401 filii
1028 2379 1084 2409 pro

422 2427 512 2456 bulla
530 2433 625 2454 aurea
645 2422 749 2451 lorum
771 2418 804 2447 in
827 2416 922 2452 collo,
936 2414 1000 2443 sive
1015 2412 1084 2441 bul-

426 2470 489 2498 lam
505 2470 659 2497 scorteam
674 2461 903 2502 praeferebant.
932 2455 1085 2486 Vidfflla-

426 2512 509 2540 orob.
533 2509 658 2539 Saturn.
682 2506 701 2535 i.
723 2503 751 2534 6.
775 2506 806 2532 ct
830 2502 944 2531 Ascon.
968 2498 998 2527 in
1018 2496 1085 2527 Cic.

428 2553 518 2582 Verr.
535 2550 576 2580 iii.
602 2550 706 2580 Cnssv.

470 2604 486 2624 2
510 2593 660 2631 Sinyulas
676 2589 787 2619 uncias
800 2586 902 2625 pondo
917 2583 1008 2619 auri]
1038 2581 1089 2610 Ita

428 2639 464 2666 ut
479 2645 558 2665 uxor
574 2633 720 2670 filiaeque
735 2629 872 2668 singulas
894 2625 1003 2655 uncias
1022 2621 1089 2652 auri

430 2678 567 2706 habeant
589 2676 629 2705 ad
653 2677 797 2703 ornatum
813 2679 915 2700 suum.
960 2664 1091 2704 Aliquid

431 2723 537 2748 tamen
559 2727 666 2746 morae
687 2716 789 2744 facere
812 2714 916 2751 potest
939 2708 1023 2747 quod
1047 2706 1090 2735 di-

431 2760 547 2789 scimus
560 2759 629 2788 infr.
640 2757 746 2787 xxxiv.
758 2765 782 2784 Ι.
801 2765 842 2784 sc.
854 2756 982 2782 cautum
998 2748 1092 2779 fuisse

433 2802 501 2839 lege
523 2800 641 2838 Oppia,
661 2797 769 2836 paucis
792 2799 865 2825 ante
887 2794 947 2822 hoc
968 2796 1094 2828 tempus

434 2842 525 2872 annis
541 2842 616 2872 lata.
629 2851 667 2869 ne
683 2849 745 2877 qun.
762 2838 874 2866 mulier
888 2836 961 2873 plns
972 2842 1093 2862 semun-

1123 2157 1173 2187 cia
1195 2155 1269 2184 auo-i
1292 2153 1429 2183 haberet.
1484 2145 1662 2179 Crevierius
1683 2144 1785 2182 legem

1124 2197 1295 2236 aliquando
1330 2194 1506 2233 neglectam
1536 2189 1631 2219 fuisse
1661 2188 1786 2221 censet;

1126 2238 1307 2270 Gronovius
1310 2238 1463 2276 filiaeque
1476 2232 1645 2271 legendum
1657 2227 1787 2262 vult,ita

1126 2286 1162 2312 ut
1186 2280 1327 2320 singulae
1356 2277 1424 2308 auri
1450 2275 1563 2305 unciae
1592 2281 1655 2302 non
1685 2271 1787 2300 solum

1127 2323 1288 2359 uxoribus,
1316 2321 1371 2351 sed
1401 2327 1509 2349 earum
1541 2314 1666 2345 filiabus
1694 2311 1787 2342 simul

1128 2366 1255 2397 relictae
1271 2366 1384 2394 essent.

1176 2418 1193 2447 3
1220 2408 1366 2437 Salinum
1406 2403 1620 2442 patellamque
1661 2397 1790 2427 deorum

1130 2452 1243 2487 eausa]
1263 2448 1407 2479 Salinum
1420 2449 1451 2475 et
1464 2443 1593 2483 patella,
1606 2440 1637 2470 in
1654 2448 1717 2477 qua
1732 2436 1791 2466 diis

1129 2492 1371 2532 apponebantur
1393 2487 1519 2526 epulae,
1538 2482 1697 2513 maximae
1720 2478 1790 2509 reli-

1130 2535 1215 2575 gioni
1231 2533 1316 2572 apud
1333 2530 1479 2567 antiquos
1494 2529 1592 2557 erant.
1617 2524 1721 2555 CREV.

1174 2589 1193 2615 4
1219 2575 1412 2606 Triumviros
1425 2568 1612 2604 mensarios]
1648 2565 1687 2595 cf.
1700 2564 1792 2601 Supr.

1134 2618 1222 2649 xxiii.
1239 2627 1287 2647 21.
1308 2615 1393 2645 xxiv.
1413 2620 1459 2651 17.

1179 2670 1194 2700 5
1216 2658 1407 2698 Respublica
1422 2652 1601 2689 incolumis]
1635 2649 1673 2679 cf.
1690 2646 1792 2678 Thuc.

1136 2704 1167 2734 ii.
1184 2702 1232 2733 60.

1178 2744 1197 2775 6
1220 2741 1418 2781 Referundo]
1445 2738 1574 2774 Nempe
1588 2734 1620 2763 in
1635 2730 1768 2761 tabulas.

1181 2794 1196 2825 7
1221 2785 1365 2822 Quadam
1388 2782 1454 2811 vice
1479 2775 1647 2817 pensatae]
1684 2771 1793 2801 Varie-

1139 2832 1203 2857 tate
1214 2829 1383 2856 eventuum
1395 2822 1439 2851 ita
1448 2820 1609 2851 mistae.ut
1620 2815 1795 2844 alternante
