1877 3178
358 111 440 149 482

875 106 1021 147 TITI
1058 106 1237 148 LIVII

154 204 198 234 U.
215 203 253 234 O.
276 201 371 242 548.‘
389 195 545 245 aedilis,
567 196 640 251 qui
666 195 913 236 reducerent
934 195 1032 236 inde
1065 195 1328 251 Scipionem:
1362 195 1502 251 legati,
1525 197 1598 251 qui
1625 209 1743 237 exer-

153 245 193 277 A.
216 245 254 276 C.
277 255 348 284 204.

156 484 268 524 Legati
276 485 342 532 ¹Lo-

154 538 224 557 cros
239 532 311 557 mlt-

155 573 277 601 tuntur.

219 1102 286 1140 21.

159 1277 338 1308 Pleminius

156 1319 188 1349 in
208 1319 334 1350 vincula

156 1361 329 1393 coniectus.

155 1615 252 1647 Sacra
268 1626 321 1655 pe-

157 1658 252 1687 cunia
268 1658 300 1687 in

155 1699 312 1729 thesauris

157 1740 318 1780 Proserpi-

155 1792 216 1812 nae
227 1783 352 1823 reponi-

155 1827 215 1855 tur.

362 257 374 276 ⁶
389 253 492 293 citui
512 260 760 308 praeessent,
779 251 913 292 donec
934 267 1066 292 novus
1087 253 1311 307 imperator
1326 253 1379 293 ad
1395 268 1491 293 eum
1513 253 1743 293 exercitum

362 314 375 333 ‘
387 309 577 350 venisset.
633 308 706 349 Sin
724 307 785 348 M.
802 308 1060 364 Pomponius
1074 317 1115 348 et
1131 309 1276 349 decem
1293 309 1419 364 legati
1433 309 1742 364 comperissent,

363 372 528 421 ‘neque
558 366 685 414 iussu,
717 380 854 420 neque
885 365 1097 405 voluntate
1129 366 1175 405 P.
1199 365 1402 420 Scipionis
1430 381 1479 406 ea
1505 366 1612 406 facta
1641 380 1742 413 esse,

364 428 376 446 ‘
389 430 436 463 ut
456 422 509 463 ad
529 422 759 463 exercitum
784 421 922 477 Scipio
944 431 1143 471 maneret,
1166 422 1420 477 bellumque,
1442 431 1489 462 ut
1508 422 1744 477 proposuis-

365 484 377 503 ‘
392 487 466 528 set,
503 479 691 533 gereret.’
751 478 846 518 Hoc
886 478 994 518 facto
1035 479 1405 528 senatusconsulto,
1439 494 1535 519 cum
1567 477 1744 519 tribunis

363 535 496 591 plebis
517 544 656 575 actum
673 543 746 583 est,
762 544 808 575 ut
829 544 1115 590 compararent
1131 535 1240 575 inter
1260 550 1315 584 se,
1335 544 1404 576 aut
1421 543 1528 575 sorte
1542 534 1743 590 legerent,

364 592 438 647 qui
459 592 543 632 duo
565 606 660 632 cum
680 600 868 646 praetore
891 606 937 631 ac
957 591 1103 646 legatis
1123 592 1242 632 irent.
1305 592 1378 631 Ad
1398 591 1619 647 collegium
1639 606 1744 646 pon-

364 649 522 689 tificum
545 648 720 688 relatum
748 647 800 688 de
829 648 1058 703 expiandis,
1081 663 1188 703 quae
1217 648 1362 689 Locris
1382 648 1427 688 in
1455 648 1610 703 templo
1641 648 1745 688 Pro-

364 705 552 760 serpinae
575 712 694 753 tacta,
717 704 880 753 violata,
903 704 1092 759 elataque
1113 705 1212 745 inde
1241 713 1390 745 essent.
1452 705 1632 745 Tribuni
1656 704 1744 760 ple-

363 761 426 802 bis
459 776 555 801 cum
589 769 778 816 praetore
815 770 857 802 et
888 761 1034 802 decem
1070 761 1213 816 legatis
1248 762 1421 816 profecti
1457 761 1519 802 M.
1541 760 1745 801 Claudius

365 817 591 858 Marcellus
607 826 650 858 et
670 817 732 858 M.
751 817 925 858 Cincius
942 818 1203 858 Alimentus:
1237 818 1285 858 iis
1302 818 1445 858 aedilis
1461 817 1593 873 plebis
1609 817 1742 866 datus,

365 889 505 929 quem,
537 874 569 914 si
603 882 674 914 aut
705 874 749 913 in
783 874 923 914 Sicilia
956 875 1135 929 praetori
1168 874 1281 915 dicto
1313 875 1487 915 audiens
1521 889 1608 914 non
1638 882 1745 915 esset

367 931 520 985 Scipio,
543 938 614 970 aut
634 930 717 969 iam
744 930 789 969 in
811 930 996 970 Africam
1018 931 1256 979 traiecisset,
1277 931 1481 986 prendere
1503 931 1660 971 tribuni
1681 931 1745 971 iu-

364 987 524 1034 berent,
556 1001 603 1026 ac
633 986 722 1026 iure
753 994 1033 1027 sacrosanctae
1058 988 1273 1041 potestatis
1303 988 1562 1028 reducerent.
1623 987 1745 1028 Prius

366 1042 522 1082 Locros
542 1042 615 1091 ire,
638 1057 763 1097 quam
786 1042 1037 1092 Messanam,
1060 1043 1279 1083 consilium
1300 1052 1398 1084 erat.

426 1098 628 1139 Ceterum
657 1098 814 1154 duplex
844 1099 953 1139 fama
980 1108 1054 1148 cst,
1084 1099 1198 1154 quod
1223 1100 1275 1140 ad
1304 1100 1558 1140 Pleminium
1583 1100 1743 1141 attinet.

367 1154 468 1204 Alii,
491 1155 655 1204 auditis,
678 1170 785 1210 quae
816 1155 976 1196 Romae
1002 1165 1093 1197 acta
1112 1164 1261 1206 essent,
1284 1157 1329 1196 in
1355 1156 1547 1197 exsilium
1576 1156 1746 1212 Neapo-
1761 1173 1774 1195 1

364 1211 437 1251 lim
468 1220 638 1252 euntem
669 1212 773 1252 forte
801 1212 846 1252 in
878 1212 930 1260 Q.
952 1212 1189 1262 Metellum,
1216 1228 1347 1253 unum
1375 1228 1428 1254 ex
1458 1213 1616 1267 legatis,
1642 1213 1746 1254 inci-

365 1268 485 1317 disse,
509 1277 551 1309 et
571 1269 622 1309 ab
644 1284 692 1309 eo
716 1268 926 1324 Rhegium
949 1270 989 1309 vi
1010 1278 1233 1310 retractum
1255 1270 1446 1310 tradunt:
1480 1270 1562 1318 alii,
1584 1271 1635 1311 ab
1656 1270 1746 1325 ipso

368 1324 562 1380 Scipione
579 1325 762 1380 legatum
779 1341 874 1366 cum
892 1326 1062 1381 triginta
1077 1326 1339 1367 nobilissimis
1355 1327 1543 1381 equitum
1561 1326 1744 1375 missum,

365 1382 438 1437 qui
463 1381 515 1429 Q.
535 1381 791 1422 Pleminium
818 1383 863 1422 in
883 1392 1061 1432 catenas,
1085 1391 1126 1424 ct
1154 1398 1250 1423 cum
1271 1399 1320 1423 eo
1348 1383 1563 1424 seditionis
1590 1383 1745 1438 princi-

363 1453 449 1493 pes,
480 1439 746 1479 coniicerent.
809 1438 846 1479 Ii
877 1455 1034 1489 omnes,
1066 1455 1138 1480 seu
1169 1448 1264 1480 ante
1299 1440 1515 1495 Scipionis,
1547 1454 1621 1480 seu
1656 1447 1745 1480 tum

363 1495 564 1549 praetoris
586 1495 711 1544 iussu,
735 1495 875 1536 traditi
896 1497 940 1536 in
962 1497 1192 1537 custodiam
1216 1496 1431 1551 Rheginis.
1493 1496 1666 1537 Praetor
1685 1496 1745 1537 le-

363 1551 531 1606 gatique
574 1551 730 1592 Locros
770 1553 944 1607 profecti
979 1554 1168 1608 primam,
1203 1553 1324 1593 sicuti
1364 1553 1608 1593 mandatum
1644 1561 1744 1602 erat,

363 1607 574 1662 religionis
590 1623 730 1649 curam
746 1608 939 1650 habuere.
1004 1609 1187 1650 Omnem
1204 1610 1316 1650 enim
1333 1625 1488 1650 sacram
1509 1610 1743 1665 pecuniam,

364 1678 556 1718 quaeque
578 1665 689 1718 apud
710 1665 977 1714 Pleminium,
1001 1681 1192 1721 quaeque
1214 1666 1326 1721 apud
1354 1666 1504 1707 milites
1525 1674 1624 1715 erat,
1646 1681 1746 1707 con-

365 1719 572 1774 quisitam,
595 1735 690 1760 eum
712 1735 773 1769 ea,
797 1736 921 1775 quam
943 1722 1020 1776 ipsi
1042 1738 1183 1762 secum
1210 1723 1448 1771 attulerant,
1470 1723 1515 1762 in
1543 1722 1745 1763 thesauris

364 1785 650 1831 reposuerunt,
677 1791 724 1816 ac
752 1777 958 1831 piaculare
990 1793 1150 1818 sacrum
1178 1779 1377 1819 fecerunt.
1442 1779 1554 1819 Tum
1579 1788 1745 1820 vocatos

364 1833 418 1872 ad
457 1833 702 1873 concionem
735 1833 888 1873 milites
919 1842 1084 1888 praetor
1115 1834 1233 1889 signa
1265 1843 1384 1874 extra
1416 1836 1561 1875 urbem
1597 1836 1743 1876 efferre

363 1888 492 1937 iubet,
516 1898 729 1943 castraque
752 1889 795 1928 in
817 1904 963 1944 campo
984 1890 1104 1939 locat,
1126 1906 1221 1931 cum
1248 1891 1361 1946 gravi
1383 1891 1534 1940 edicto,
1559 1897 1571 1914 ‘
1587 1891 1631 1932 Si
1652 1892 1744 1946 quis

365 1945 511 1985 ‘miles
541 1953 613 1985 aut
642 1945 684 1984 in
714 1945 815 1985 urbe
844 1946 1070 1995 restitisset,
1102 1955 1174 1987 aut
1203 1961 1344 1987 secum
1374 1947 1602 1996 extulisset,
1631 1947 1774 2003 quod²

364 2006 376 2024 ‘
392 2015 513 2041 suum
534 2016 619 2041 non
647 2010 779 2050 esset3
813 2001 1091 2043 Locrensibus
1112 2018 1154 2043 sc
1182 2003 1435 2058 permittere,
1458 2012 1517 2053 ut,
1540 2004 1654 2059 quod
1681 2004 1745 2045 sui

365 2062 376 2080 ‘
390 2057 566 2112 quisque
595 2066 825 2112 cognosset,
847 2058 1149 2113 prehenderet:
1182 2060 1215 2100 si
1238 2060 1340 2114 quid
1367 2075 1452 2100 non
1474 2069 1742 2116 compareret,
1757 2074 1775 2105 3

365 2119 606 2168 ‘repeteret
670 2113 785 2154 Ante
808 2115 959 2164 omnia,
982 2115 1110 2156 libera
1134 2131 1305 2171 corpora
1331 2116 1493 2171 placere
1521 2117 1609 2157 sine
1631 2132 1746 2158 mora

365 2169 672 2210 ‘Locrensibus
702 2171 887 2211 restitui:
931 2186 1017 2212 non
1047 2172 1129 2212 levi
1161 2172 1457 2213 defuncturum
1491 2188 1639 2228 poena,
1671 2174 1744 2229 qui

365 2232 474 2266 ‘non
495 2226 767 2267 restituisset?
827 2227 1102 2268 Locrensium
1130 2228 1283 2269 deinde
1312 2229 1558 2270 concionem
1584 2229 1742 2279 habuit,

404 2362 424 2392 9
447 2353 501 2382 Ad
511 2353 674 2391 collegium
687 2353 892 2391 pontificum]
913 2352 1029 2392 Scripti
1074 2354 1141 2384 solo
1159 2353 1281 2385 Victor.
1298 2354 1369 2385 cod.
1385 2354 1572 2393 reperimus,
1588 2365 1669 2394 quae
1691 2354 1743 2386 Li-

363 2395 405 2423 ad
424 2395 613 2424 concilium:
637 2395 722 2432 quod
745 2398 852 2424 utrum
876 2405 933 2433 pro
957 2405 1030 2425 vero
1075 2395 1169 2426 viana
1184 2406 1251 2426 esse
1265 2406 1329 2426 non
1346 2397 1540 2427 dubitamus.
1564 2397 1669 2428 ΟΜΝ.

362 2435 479 2465 habere
495 2436 622 2472 debeat,
638 2446 671 2465 se
693 2445 757 2465 non
779 2436 947 2466 decernere
962 2447 1031 2475 pro-
1054 2450 1060 2453 ’
1120 2448 1137 2476 3
1161 2439 1196 2468 δι’
1225 2440 1303 2477 quid
1330 2448 1394 2469 non
1424 2443 1629 2477 compareret,
1653 2449 1742 2478 ‘repe-

363 2477 472 2507 fitetur
484 2477 623 2508 Crevier.
636 2477 815 2516 suspicatur
829 2481 937 2508 tamen
951 2478 1031 2508 Dra—

363 2519 459 2549 kenb.
486 2519 519 2549 id
543 2529 583 2549 ex
609 2519 809 2550 librariorum
831 2519 954 2550 incuria
977 2531 1031 2550 na-

363 2564 432 2590 tum
449 2571 526 2591 esse.

408 2612 419 2631 1
446 2604 489 2632 In
525 2603 673 2633 emiliam
708 2604 895 2642 Neapolim]
943 2603 1029 2634 Nea-

364 2643 462 2681 polim
480 2644 562 2673 inter
577 2645 669 2674 urbes
684 2644 780 2674 fuisse
798 2644 832 2674 in
848 2645 962 2683 quibus
977 2656 1030 2675 ex-

362 2685 484 2715 sulibus
496 2686 652 2716 Romanis
664 2696 731 2716 esse
743 2686 872 2723 licebat,
884 2697 901 2716 e
915 2687 1028 2726 Polyb.

363 2725 403 2754 vi.
424 2735 469 2755 12.
492 2727 586 2757 docet
607 2727 712 2766 Sigon.
729 2728 769 2758 de
785 2729 862 2759 Ant.
880 2729 946 2760 Iur.
963 2729 1029 2759 Ita-

362 2766 425 2795 liae
447 2766 479 2797 ii.
499 2777 545 2804 14.
570 2768 709 2799 DUKER.

407 2816 422 2835 2
448 2809 538 2843 Quod
558 2819 651 2839 suum
673 2820 737 2841 non
759 2810 854 2850 esset]
879 2811 973 2843 Haec
996 2812 1028 2842 in

1077 2481 1171 2517 teret]
1200 2479 1326 2510 Ultimo
1351 2480 1444 2510 verbo
1468 2484 1577 2509 carent
1599 2480 1744 2519 plerique

1076 2521 1158 2557 libri,
1182 2524 1213 2551 et
1238 2521 1307 2551 eius
1333 2522 1403 2551 loco
1427 2521 1624 2551 substituunt
1647 2523 1741 2553 unde.

1076 2562 1193 2601 Itaque
1206 2562 1388 2593 Gronovius
1402 2564 1572 2602 legendum
1586 2567 1698 2602 putat:
1715 2565 1743 2594 si

1074 2606 1152 2644 quid
1173 2615 1238 2634 non
1263 2610 1468 2644 compareret,
1494 2606 1683 2642 vindicaret,
1709 2605 1742 2635 id

1074 2649 1133 2683 est,
1145 2645 1263 2676 iudicio
1278 2650 1445 2685 repeteret.
1484 2647 1555 2676 Nos
1570 2650 1661 2676 tanta
1675 2656 1741 2676 mo-

1074 2687 1124 2717 liri
1144 2688 1243 2727 piget,
1258 2688 1312 2718 ubi
1334 2688 1406 2718 libri
1427 2691 1546 2718 certam
1567 2698 1631 2718 non
1652 2698 1741 2727 prae-

1073 2729 1179 2759 ferunt
1203 2730 1317 2761 facem.
1363 2730 1484 2760 Victor.
1509 2730 1610 2760 codex
1637 2733 1740 2760 servat

1073 2770 1110 2800 τὸ
1135 2776 1300 2810 repeteret.
1329 2771 1434 2804 CREV.
1485 2773 1668 2803 Vindioaret
1693 2780 1739 2802 re-

1073 2813 1160 2851 cepit
1176 2813 1317 2845 Bekker.
