1877 3178
189 222 233 253 U.
250 222 287 253 C.
313 221 384 261 546.

190 265 230 296 A.
253 264 292 296 O.
315 263 387 295 206.

195 676 380 708 Vincuntur

196 719 310 752 Poeni.

192 1239 238 1270 Et
254 1239 287 1270 in
304 1250 368 1271 cas-

191 1285 241 1312 tra
256 1292 340 1312 com-

192 1325 367 1362 pelluntur.

257 2310 318 2349 16.

190 2424 340 2463 Sequitur

188 2475 241 2496 eos
256 2468 370 2508 Scipio.

392 127 475 165 418
898 121 1046 164 ΤΙΤΙ
1088 122 1265 164 LIVII

398 213 611 269 aliquanto
631 214 760 254 serius
780 212 971 269 pervenit
991 228 1154 269 pugna:
1188 213 1245 253 ita
1265 220 1312 252 ut
1331 212 1445 268 prius
1473 219 1608 253 aestus
1637 227 1661 253 a
1688 226 1778 253 me-

399 270 561 311 ridiano
582 270 679 320 sole,
697 270 894 325 laborque
917 270 1053 310 standi
1074 271 1149 311 sub
1166 269 1301 318 armis,
1320 277 1361 310 et
1381 269 1503 309 simul
1523 269 1650 310 fames
1671 269 1778 310 sitis-

400 342 482 383 que
504 342 675 383 corpora
696 327 918 376 afficerent,
937 342 1063 382 quam
1084 342 1230 367 manus
1247 341 1342 367 cum
1364 326 1480 367 hoste
1499 333 1774 366 consererent.

400 384 548 440 Itaque
570 392 774 425 steterunt
794 384 919 425 scutis
940 384 1075 424 innisi.
1133 383 1245 424 Nam
1267 398 1390 438 super
1410 391 1546 423 cetera
1566 382 1777 438 elephanti

401 442 538 491 etiam,
566 442 821 482 tumultuoso
851 456 1003 497 genere
1034 455 1198 496 pugnae
1230 441 1420 495 equitum
1450 439 1705 494 velitumque
1736 446 1779 479 et

400 498 502 539 levis
534 506 762 539 armaturae
796 498 1059 546 consternati,
1082 513 1104 538 e
1136 497 1330 538 cornibus
1362 497 1406 536 in
1436 496 1615 536 mediam
1646 495 1778 535 aciem

401 569 488 595 sese
510 555 746 595 intulerant.
804 555 917 595 Fessi
939 555 1065 610 igitur
1085 554 1325 609 corporibus
1346 554 1576 608 animisque
1598 551 1777 593 retulere

400 612 565 667 pedem,
589 612 754 652 ordines
782 620 921 652 tamen
949 620 1169 660 servantes,
1193 610 1305 651 haud
1334 625 1463 659 secus,
1486 624 1612 665 quam
1640 609 1674 649 si
1701 608 1779 648 im-

400 668 517 724 perio
552 668 669 709 ducis
704 668 902 708 cederent
934 668 1095 724 integra
1130 668 1248 708 acies.
1321 666 1404 708 Sed
1439 681 1570 721 quum
1605 681 1654 706 eo
1690 665 1779 720 ipso

401 726 547 774 acrius,
571 725 642 766 ubi
663 725 902 765 inclinatam
926 740 1087 765 sensere
1110 740 1210 773 rem,
1233 724 1407 765 victores
1436 739 1477 764 se
1506 723 1693 777 undique
1714 722 1778 761 in-

400 782 613 831 veherent,
645 797 722 822 nec
753 782 870 822 facile
907 782 1086 837 impetus
1119 781 1311 822 sustineri
1344 789 1504 836 posset3
1538 792 1779 835 quanquam

399 839 618 886 retinebat,
651 838 956 894 obsistebatque
989 839 1233 879 cedentibus
1267 837 1516 886 Hasdrubal,
1550 836 1627 876 ‘ab
1663 844 1779 890 tergo

403 900 517 935 ‘esse
547 894 671 935 colles
700 903 920 950 tutumque
949 904 1176 950 receptum,
1199 895 1232 935 si
1253 894 1415 935 modice
1447 909 1488 934 se
1519 892 1779 948 reciperent,’

401 951 628 999 clamitans,
655 959 808 999 tamen,
829 952 1021 991 vincente
1042 951 1335 992 verecundiam
1367 959 1494 1000 metu,
1524 965 1654 1005 quum
1684 962 1811 1003 pro-8

401 1008 537 1048 ximus
559 1007 734 1062 quisque
763 1007 925 1047 hostem
953 1008 1131 1056 cederet,
1156 1016 1270 1062 terga
1290 1007 1500 1062 extemplo
1521 1008 1629 1055 data,
1652 1015 1778 1060 atque

400 1064 443 1104 in
465 1063 605 1118 fugam
627 1078 713 1104 sese
731 1077 875 1104 omnes
892 1064 1140 1105 effuderunt.
1177 1066 1243 1104 Ac
1264 1064 1397 1117 primo
1417 1064 1640 1104 consistere
1662 1063 1779 1118 signa

400 1120 445 1160 in
465 1120 673 1160 radicibus
694 1120 876 1169 collium,
899 1135 945 1161 ac
966 1135 1157 1161 revocare
1179 1121 1223 1160 in
1244 1120 1409 1161 ordines
1434 1120 1608 1160 militem
1629 1134 1779 1174 coepe-

400 1184 514 1225 rant3
547 1177 840 1218 cunctantibus
866 1177 910 1217 in
938 1177 1155 1218 adversum
1184 1177 1331 1218 collem
1358 1177 1515 1232 erigere
1537 1176 1668 1216 aciem
1690 1176 1780 1217 Ro-

400 1233 544 1274 manis.
607 1233 712 1274 Inde
743 1241 790 1274 ut
820 1233 961 1274 inferri
991 1234 1166 1289 impigre
1198 1234 1315 1289 signa
1344 1233 1549 1282 viderunt,
1576 1233 1780 1288 integrata

400 1291 509 1346 fuga,
547 1290 591 1330 in
626 1298 757 1331 castra
796 1290 936 1346 pavidi
972 1290 1288 1346 compelluntur.
1359 1290 1452 1331 Nec
1491 1289 1637 1345 procul
1670 1289 1779 1330 vallo

402 1347 618 1388 Romanus
640 1347 802 1388 aberat:
837 1347 1095 1402 cepissetque
1119 1355 1234 1388 tanto
1255 1348 1415 1402 impetu
1436 1355 1578 1396 castra,
1596 1347 1639 1386 ni
1661 1361 1703 1387 se
1725 1361 1778 1387 ex

401 1404 640 1444 vehementi
668 1404 766 1453 sole,
790 1404 923 1459 qualis
954 1405 1063 1444 inter
1094 1419 1237 1459 graves
1269 1405 1400 1445 imbre
1431 1404 1563 1444 nubes
1594 1403 1776 1459 effulget,

400 1468 515 1500 tanta
535 1460 594 1500 vis
615 1476 746 1516 aquae
769 1461 999 1510 deiecisset,
1019 1469 1065 1501 ut
1081 1461 1151 1501 vix
1173 1461 1216 1501 in
1237 1470 1369 1502 castra
1389 1476 1462 1501 sua
1481 1460 1715 1516 receperint
1735 1474 1777 1500 se

398 1517 596 1565 victores,
630 1517 830 1572 quosdam
860 1518 985 1558 ctiam
1014 1517 1158 1573 religio
1184 1518 1340 1574 ceperit
1360 1518 1533 1558 ulterius
1554 1517 1779 1572 quicquam

399 1588 449 1613 eo
471 1573 538 1613 die
560 1574 751 1614 conandi.
817 1573 1195 1629 Carthaginienses,
1219 1589 1459 1630 quanquam
1485 1574 1612 1614 fessos
1638 1573 1778 1614 labore

399 1644 446 1670 ac
466 1629 705 1669 vulneribus
732 1645 816 1670 nox
845 1631 1059 1686 imberque
1082 1632 1135 1671 ad
1156 1632 1426 1672 necessariam
1453 1631 1638 1685 quietem
1658 1645 1779 1671 voca-

398 1686 483 1734 bat,
512 1694 664 1734 tamen,
694 1686 792 1740 quia
822 1695 956 1726 metus
987 1696 1028 1727 et
1058 1688 1289 1742 periculum
1320 1687 1507 1728 cessandi
1539 1702 1625 1727 non
1655 1687 1780 1728 dabat

399 1751 575 1798 tempus,
597 1742 730 1797 prima
757 1741 849 1782 luce
879 1744 1178 1798 oppugnaturis
1199 1744 1385 1784 hostibus
1406 1752 1548 1792 castra,
1571 1743 1678 1784 saxis
1699 1758 1779 1784 un-

399 1798 527 1853 dique
550 1799 658 1839 circa
680 1814 732 1839 cx
753 1799 997 1854 propinquis
1013 1799 1186 1840 vallibus
1208 1800 1413 1855 congestis
1435 1808 1589 1855 augent
1609 1799 1775 1849 vallum,

398 1855 661 1896 munimento
692 1869 793 1904 sese,
821 1855 989 1910 quando
1022 1856 1064 1895 in
1101 1856 1223 1896 armis
1255 1871 1398 1911 parum
1433 1856 1628 1911 praesidii
1657 1856 1775 1906 foret,

398 1911 619 1952 defensuri.
686 1911 770 1952 Sed
792 1912 977 1952 transitio
999 1912 1215 1961 sociorum,
1238 1913 1335 1967 fuga
1362 1920 1408 1952 ut
1429 1913 1556 1953 tutior
1582 1927 1697 1953 mora
1716 1913 1777 1953 vi-

398 1967 578 2017 deretur,
612 1968 720 2009 fecit.
782 1968 1042 2023 Principium
1078 1968 1322 2009 defectionis
1357 1970 1407 2009 ab
1440 1970 1596 2010 Attane
1632 1969 1776 2024 regulo

399 2023 738 2064 Turdetanorum
778 2024 933 2065 factum
974 2033 1045 2065 cst.
1108 2024 1149 2065 Is
1189 2040 1283 2065 cum
1325 2040 1475 2080 magna
1513 2025 1776 2080 popularium

398 2095 526 2121 manu
547 2081 775 2136 transfugit.
838 2081 943 2122 Inde
973 2081 1058 2121 duo
1086 2082 1247 2122 munita
1274 2082 1427 2137 oppida
1447 2097 1542 2122 cum
1563 2082 1777 2137 praesidiis

398 2137 549 2178 tradita
569 2153 593 2178 a
613 2138 830 2193 praefectis
852 2138 1056 2179 Romano.
1120 2138 1176 2179 Et
1197 2153 1249 2179 ne
1271 2138 1405 2187 latius,
1421 2138 1628 2179 inclinatis
1649 2138 1777 2179 semel

397 2193 449 2233 ad
471 2193 747 2235 defectionem
777 2194 938 2243 animis,
961 2203 1143 2250 serperet
1167 2210 1243 2244 res,
1266 2195 1430 2236 silentio
1458 2195 1671 2250 proximae
1700 2210 1776 2236 no-

398 2250 474 2290 ctis
496 2249 733 2291 Hasdrubal
754 2259 884 2291 castra
904 2261 1053 2292 movet.

458 2306 610 2362 Scipio,
640 2315 686 2347 ut
716 2307 849 2361 prima
877 2307 982 2357 luce,
1013 2308 1084 2363 qui
1118 2309 1162 2348 in
1195 2308 1439 2348 stationibus
1470 2317 1599 2358 erant,
1622 2307 1774 2349 retule-

397 2372 506 2412 runt,
529 2363 735 2418 profectos
756 2363 906 2413 hostes,
929 2365 1152 2419 praemisso
1174 2365 1363 2420 equitatu
1385 2365 1502 2420 signa
1520 2365 1616 2405 ferri
1637 2365 1770 2406 iubet:

395 2419 582 2475 adeoque
614 2420 738 2460 citato
770 2420 933 2475 agmine
965 2420 1081 2461 ducti
1111 2430 1220 2470 sunt,
1242 2429 1301 2471 ut,
1323 2422 1356 2462 si
1377 2422 1443 2462 via
1470 2430 1582 2462 recta
1600 2421 1774 2477 vestigia

394 2484 615 2531 sequentes
646 2477 784 2525 issent,
807 2477 919 2518 haud
946 2477 1072 2518 dubie
1101 2478 1326 2518 assecuturi
1355 2478 1520 2518 fuerint.
1583 2477 1773 2518 Ducibus

394 2541 455 2573 est
476 2533 693 2582 creditum,
715 2533 880 2574 brevius
900 2533 1014 2574 aliud
1035 2549 1122 2575 esse
1151 2534 1229 2574 iter
1256 2534 1308 2574 ad
1331 2534 1496 2575 Baetim
1516 2535 1702 2584 fluvium,
1726 2541 1772 2575 ut

394 2597 654 2630 transeuntes
675 2590 1009 2645 aggrederentur.
1064 2590 1314 2641 Hasdrubal,
1338 2591 1477 2633 clauso
1498 2592 1674 2632 transitu
1694 2591 1770 2631 flu-

434 2752 452 2779 8
475 2753 649 2783 ΡναΓίηηω
665 2755 798 2793 quisque
813 2755 946 2791 hostem]
978 2757 1057 2785 Pro·
1102 2754 1189 2793 iungi
1205 2754 1429 2785 animadvertit
1448 2754 1611 2786 Drakenb.
1629 2754 1666 2784 cf.
1684 2762 1767 2792 supr.

390 2793 493 2839 aimus
508 2796 779 2840 quemadmodum
790 2806 902 2835 prope,
912 2798 1058 2835 propius,
1103 2797 1121 2827 i.
1141 2806 1188 2826 21.
1207 2796 1237 2827 ii.
1255 2798 1304 2833 48.

391 2843 531 2871 promme
571 2844 686 2871 passum
726 2847 797 2866 cum
838 2848 911 2867 casu
946 2842 1058 2875 quarto
