1877 3178
377 84 461 120 460
893 78 1039 119 TITI
1081 79 1258 120 LIVH

172 176 215 206 U.
233 177 269 209 G.
294 184 364 214 547·
437 168 646 223 Legiones
677 168 774 208 inde
806 183 934 222 quum
968 168 1203 223 inspiceret,
1232 168 1504 224 plurimorum
1532 170 1757 225 stipendio-

170 218 211 289 lffi
234 218 271 264 C.-
294 226 365 256 ²05·
378 239 471 264 rum
492 240 544 264 ex
569 225 618 265 iis
644 224 795 264 milites
815 224 997 279 delegit3
1030 225 1210 265 maxime
1233 225 1305 280 qui
1331 226 1406 265 sub
1427 225 1533 266 duce
1556 226 1759 267 Marcello

171 270 330 330 ωζῗξῖἶῗ-
379 281 680 322 militaverant:
714 296 818 335 quos
846 295 976 335 quum
1008 281 1165 335 optima
1192 281 1411 336 disciplina
1434 282 1644 323 institutos
1671 298 1760 323 cre-

171 343 361 389 pam-diorum
379 337 516 386 debat,
540 346 629 378 tum
657 338 782 377 etiam
810 338 860 377 ab
882 337 1006 392 longa
1030 337 1324 393 Syracusarum
1355 338 1569 379 obsidione
1597 339 1759 394 peritis-

171 385 289 457 ¹¹}ssngss
305 386 348 456 ihc)-
380 394 504 434 simos
532 409 618 434 esse
651 394 816 434 urbium
847 393 1233 448 oppugnandarum.
1297 393 1419 434 Nihil
1440 395 1552 435 enim
1573 410 1758 450 parvum,

170 436 190 465 g
256 437 307 466 cp
342 450 350 457 ’
380 450 453 491 sed
476 450 741 506 Carthaginis
773 450 855 490 iarn
887 450 1050 490 excidia
1082 450 1262 505 agitabat
1291 451 1442 491 animo.
1505 450 1610 491 Inde
1641 466 1761 492 exer-

380 507 509 547 citum
539 522 614 562 per
643 506 797 562 oppida
827 506 1041 561 dispertit:
1075 507 1329 547 frumentum
1354 507 1588 548 Siculorum
1615 508 1760 548 civita-

380 564 490 604 tibus
530 564 732 618 imperat3
777 578 829 603 ex
869 563 989 603 Italia
1028 563 1201 604 advecto
1241 564 1396 618 parcit:
1441 572 1599 604 veteres
1635 579 1760 605 naves

380 620 524 669 reficit,
543 628 585 660 et
605 635 700 660 cum
722 620 771 659 iis
791 619 840 660 C.
857 619 1048 660 Laelium
1070 621 1114 659 in
1132 620 1318 660 Africam
1339 620 1584 674 praedatum
1606 621 1756 661 mittit:

379 691 506 716 novas
541 676 738 716 Panormi
773 676 979 724 subducit,
1017 677 1115 730 quia
1154 691 1206 717 ex
1241 676 1365 716 viridi
1405 677 1576 717 materia
1609 677 1760 732 raptim

380 732 510 773 factae
532 741 661 782 erant,
685 742 730 772 ut
751 733 794 772 in
815 733 923 773 sicco
944 733 1222 773 hibernarent.

173 802 240 831 Res
256 801 331 831 Sici-
437 789 697 844 Praeparatis
726 789 917 829 omnibus
945 789 999 829 ad
1025 789 1193 838 bellum,
1227 789 1460 845 Syracusas,
1487 789 1677 829 nondum
1706 805 1760 830 ex

172 843 333 889 liacpom-
381 846 540 900 magnis
561 845 657 885 belli
686 846 865 885 motibus
889 845 987 885 satis
1012 846 1266 900 tranquillas,
1288 846 1414 886 venit.
1480 845 1632 886 Graeci
1653 860 1717 886 res
1737 861 1761 887 a

173 888 272 923 pomt.
380 901 628 956 quibusdam
650 901 784 941 Italici
804 902 979 956 generis,
1002 902 1147 943 eadem
1169 903 1222 951 vi,
1246 918 1329 957 qua
1352 917 1428 957 per
1453 902 1611 943 bellum
1638 917 1761 958 cepe-

379 966 483 1005 rant,
521 957 809 1006 retinentibus,
847 972 1058 997 concessas
1097 958 1175 998 sibi
1215 959 1265 998 ab
1306 967 1465 1007 senatu,
1501 959 1757 1014 repetebant.

382 1014 585 1053 Omnium
607 1013 786 1067 primum
804 1021 915 1053 ratus
933 1014 1039 1053 tueri
1055 1014 1265 1068 publicam
1282 1015 1421 1063 fidem,
1439 1015 1590 1069 partim
1607 1015 1758 1065 edicto,

378 1070 528 1124 partim
550 1069 714 1109 iudiciis
736 1070 860 1110 etiam
882 1070 925 1109 in
946 1070 1178 1124 pertinaces
1199 1070 1251 1110 ad
1273 1070 1543 1111 obtinendam
1564 1071 1759 1112 iniuriam
1774 1088 1791 1118 3

378 1126 563 1174 redditis,
586 1141 678 1166 suas
706 1141 770 1166 res
794 1126 1060 1182 Syracusanis
1087 1127 1278 1167 restituit.
1342 1126 1444 1167 Non
1470 1127 1569 1182 ipsis
1598 1136 1759 1168 tantum

379 1198 428 1223 ca
462 1198 539 1231 res,
573 1183 646 1223 sed
682 1183 874 1223 omnibus
913 1182 1076 1223 Siciliae
1112 1183 1289 1239 populis,
1325 1191 1442 1239 grata
1475 1183 1580 1233 fuit3
1624 1199 1758 1240 eoque

378 1239 542 1279 enixius
563 1239 615 1280 ad
636 1238 790 1280 bellum
813 1239 1072 1280 adiuverunt.

171 1303 350 1350 Bellunrin
437 1295 598 1337 Eadem
619 1304 773 1336 aestate
799 1296 842 1335 in
867 1295 1071 1351 Hispania
1091 1305 1278 1337 coortum
1300 1297 1447 1351 ingens
1468 1296 1637 1346 bellum,
1660 1312 1760 1338 con-

172 1346 341 1384 Hmpanm.
378 1352 514 1393 ciente
551 1352 729 1407 Ilergete
766 1352 951 1401 Indibili,
988 1353 1102 1393 nulla
1142 1353 1220 1393 alia
1257 1353 1309 1393 de
1350 1368 1483 1402 causa,
1521 1369 1646 1408 quam
1685 1369 1760 1409 per

378 1409 695 1449 admirationem
735 1409 939 1464 Scipionis
975 1419 1219 1464 contemptu
1254 1410 1549 1465 imperatorum
1585 1410 1759 1451 aliorum

377 1475 478 1506 orto.
542 1466 681 1506 ‘Eum
712 1480 924 1521 superesse
954 1481 1084 1506 unum
1113 1467 1263 1507 ducem
1293 1466 1507 1515 Romanis,
1534 1467 1679 1507 ceteris
1708 1467 1759 1507 ab

378 1521 642 1562 ‘Hannibale
683 1522 935 1571 interfectis}
975 1523 1151 1563 rebatur.
1217 1529 1227 1547 ⁶
1250 1523 1313 1563 Eo
1353 1538 1430 1563 nec
1470 1523 1513 1562 in
1555 1522 1761 1579 Hispania

378 1579 533 1618 ‘caesis
569 1578 831 1632 Scipionibus
864 1579 1003 1628 alium,
1034 1595 1159 1634 quem
1194 1580 1418 1629 mitterent,
1452 1579 1668 1620 habuisse:
1703 1588 1758 1629 et,

379 1639 390 1656 ⁶
406 1644 623 1689 postquam
646 1635 688 1674 in
712 1634 832 1674 Italia
855 1636 1018 1689 gravius
1044 1636 1198 1676 bellum
1223 1644 1400 1691 urgeret,
1424 1636 1618 1676 adversus
1640 1636 1760 1676 Han-

378 1690 587 1730 ‘nibalem
628 1706 723 1730 eum
765 1692 1015 1731 arcessitum.
1093 1692 1389 1747 Praeterquam
1431 1692 1545 1747 quod
1589 1693 1760 1733 nomina

379 1752 389 1769 ‘
408 1755 570 1786 tantum
596 1746 751 1786 ducum
782 1747 825 1785 in
852 1747 1057 1801 Hispania
1079 1747 1260 1788 Romani
1291 1749 1505 1796 haberent,
1529 1749 1758 1789 exercitum

378 1808 389 1825 ‘
406 1818 574 1857 quoque
603 1803 700 1842 inde
722 1811 905 1842 veterem
931 1803 1172 1844 deductum.
1235 1804 1419 1859 Trepida
1447 1805 1598 1854 omnia,
1621 1814 1668 1845 ut
1694 1805 1759 1845 in-

378 1859 615 1899 ‘conditam
649 1859 812 1899 turbam
845 1859 1041 1907 tironum,
1075 1875 1188 1900 esse:
1234 1875 1450 1915 nunquam
1484 1861 1607 1901 talem
1641 1876 1760 1902 occa-

379 1916 565 1955 ‘sionem
606 1915 843 1955 liberandae
886 1915 1114 1970 Hispaniae
1150 1916 1248 1956 fore.
1329 1917 1536 1957 Sei-vitum
1578 1917 1631 1957 ad
1667 1932 1758 1958 eam

378 1978 389 1994 ‘
405 1971 515 2011 diem
542 1980 614 2011 aut
637 1971 1066 2025 Carthaginiensibus,
1089 1980 1160 2011 aut
1184 1972 1411 2013 Romanis:
1445 1988 1523 2013 nec
1554 1973 1598 2013 in
1624 1974 1758 2014 vicem

378 2028 469 2067 ‘his
509 2036 580 2068 ant
616 2028 707 2075 illis,
745 2028 818 2067 sed
853 2027 1064 2068 interdum
1100 2028 1287 2083 utrisque
1323 2028 1457 2069 simul.
1519 2029 1667 2070 Pulsos
1707 2031 1758 2070 ab

379 2090 389 2107 ‘
408 2084 610 2124 Romanis
643 2084 1038 2139 Cartha-ginienses3
1071 2084 1121 2124 ab
1154 2084 1364 2140 Hispanis,
1397 2085 1430 2125 si
1462 2086 1757 2136 consentirent,

377 2147 388 2164 ⁶
405 2140 503 2195 pelli
527 2141 740 2181 Romanos
761 2155 904 2195 posse:
940 2150 986 2181 ut
1015 2141 1066 2181 ab
1088 2141 1202 2181 omni
1231 2150 1405 2181 externo
1430 2141 1604 2196 imperio
1625 2142 1759 2183 soluta

378 2197 447 2236 ‘in
470 2205 719 2251 perpetuum
743 2196 949 2251 Hispania
973 2198 1016 2236 in
1042 2197 1194 2251 patrios
1216 2198 1369 2237 rediret
1390 2212 1525 2237 mores
1545 2198 1758 2254 ritusque.’

379 2253 496 2292 Haec
524 2253 686 2308 aliaque
708 2253 886 2293 dicendo
916 2268 1000 2293 non
1025 2253 1244 2308 populares
1265 2254 1402 2302 modo,
1425 2253 1498 2294 sed
1520 2254 1757 2296 Ausetanos

377 2325 557 2364 quoque,
589 2309 767 2349 vicinam
799 2317 981 2364 gentem,
1014 2310 1206 2359 concitat,
1239 2318 1281 2350 et
1316 2310 1416 2351 alios
1446 2310 1645 2351 finitimos
1679 2312 1758 2352 sibi

376 2375 500 2420 atque
523 2366 602 2406 illis
623 2365 809 2421 populos.
858 2365 1005 2420 Itaque
1028 2366 1135 2406 intra
1156 2381 1308 2421 paucos
1329 2367 1417 2407 dies
1439 2367 1608 2421 triginta
1629 2367 1758 2408 millia

377 2422 579 2477 peditum,
614 2431 811 2477 quattuor
842 2422 969 2462 ferme
1003 2422 1193 2476 equitum
1226 2423 1270 2462 in
1306 2422 1561 2463 Sedetanum
1596 2438 1755 2478 agrum,

379 2493 462 2533 quo
490 2479 674 2519 edietum
703 2487 801 2528 erat,
825 2488 1119 2519 convenerunt.
1184 2479 1365 2519 Romani
1387 2494 1554 2534 quoque
1580 2480 1757 2535 impera-

248 2485 283 2520 gx:

421 2626 438 2654 3
463 2617 649 2647 Pertinaces
673 2617 714 2645 ad
737 2617 936 2646 obtinendam
961 2616 1045 2645 iniu-
1090 2617 1239 2646 stincmte.

378 2658 476 2693 riam]
502 2668 547 2687 sc.
564 2658 614 2687 Ad
636 2668 674 2687 ea
694 2657 871 2694 retinenda,
888 2668 969 2695 quae
990 2667 1046 2695 per
1132 2668 1150 2694 4
1174 2660 1347 2697 Postquam
1376 2659 1411 2687 in
1438 2659 1555 2695 Italia]
1593 2658 1686 2688 Haec
1715 2660 1755 2688 ad

378 2697 524 2727 iniuriam
552 2699 609 2729 sibi
635 2703 866 2738 arrogaverant.
898 2700 936 2729 cf.
965 2699 1043 2729 Tae.
1089 2703 1229 2729 mentem
1253 2710 1441 2738 sensumque
1465 2699 1613 2730 Indibilis
1633 2710 1754 2729 accom-

380 2738 466 2768 Hist.
482 2740 512 2769 ii.
530 2741 578 2776 84.
631 2742 823 2779 Vespasiano
931 2742 973 2770 ml
995 2742 1043 2770 oh-
1088 2742 1217 2770 mndata
1241 2745 1326 2779 sunt,
1352 2752 1415 2772 non
1442 2742 1483 2771 ad
1510 2741 1553 2771 rei
1579 2741 1753 2771 veritatem.

379 2780 525 2810 timendas
541 2782 725 2820 iniquitates
741 2783 830 2812 haud
842 2784 978 2821 perinde
994 2783 1041 2812 06-
1088 2783 1193 2813 Cmsv.
