1809 3178
489 120 612 162 LIB.
647 119 770 160 XXI.
819 118 962 159 CAP.
1001 122 1061 159 ll.
1423 120 1467 158 11

88 217 198 258 erat3
242 209 513 264 infestiusque
550 209 735 249 locutum
772 209 1001 262 arguebant
1044 206 1311 254 Hannonem,
1347 215 1674 261 quainU.(J.5J,4.

90 266 283 307 Flaccum
317 266 544 313 Valerium,
576 265 757 317 legatum
779 265 1029 305 Romanum.
1097 264 1359 318 Responsum
1376 264 1471 303 indc
1489 259 1525 328 ¹⁸·
1550 259 1587 286 (Ῑ-
1609 259 1676 315 Ἦ·

88 323 234 376 legatis
259 324 458 364 Romanis
487 331 559 368 est,
580 330 588 345 ‘
609 322 771 362 Bellum
794 331 929 362 ortum
959 322 1009 361 ab
1043 320 1294 373 Saguntinis,
1320 336 1400 359 non
1424 305 1689 370 21l22,[',⁸2⁴=t22‡{il{[

91 379 356 421 ‘Hannibale
390 396 488 420 esse.
551 379 760 434 Populum
801 378 1038 418 Romanum
1080 378 1231 417 iniuste
1265 378 1409 425 lacere,
1442 377 1472 416 si
1488 383 1689 430 munimini-

57 454 76 484 9
91 443 101 461 ‘
119 436 370 491 Saguntinos
391 437 688 477 vetustissimae
718 435 1128 490 (Jarthaginicnsium
1150 434 1335 474 societati
1359 449 1476 489 prae·
1491 427 1551 454 '’²¹¹¹

91 500 103 517 ‘
119 495 272 549 ponat.'

150 551 265 592 Dum
308 550 488 591 Romani
531 559 695 605 tempus
742 558 883 590 terunt
927 549 1203 603 legationibus
1248 547 1476 596 mittendis,

92 608 319 656 Hannibal,
341 608 441 662 quia
466 607 618 648 fessum
648 606 823 647 militem
853 606 1019 661 proeliis
1051 606 1328 661 operibusque
1352 605 1477 645 habe-

91 666 174 714 bat,
211 680 436 721 paucorum
472 665 521 704 iis
556 664 718 704 dierum
756 664 940 718 quietem
977 662 1106 711 dedit,
1142 662 1387 702 stationibus
1423 662 1476 702 ad

91 723 319 763 custodiam
342 722 556 762 vinearum
574 721 832 775 aliorumque
855 735 1026 775 operum
1049 719 1267 774 dispositis.
1306 719 1476 759 Interim

91 780 251 820 animos
282 794 426 819 eorum
467 794 579 818 nunc
613 778 673 818 ira
706 778 748 817 in
783 777 919 817 hostes
955 776 1221 824 stimulando,
1256 791 1368 815 nunc
1404 791 1476 830 spe

91 836 371 892 praemiorum
412 835 613 876 accendit.
684 835 745 875 Ut
784 849 881 875 vero
922 849 997 889 pro
1038 834 1238 874 concione
1280 833 1476 887 praedam

92 902 236 949 captae
258 893 370 933 urbis
398 893 531 933 edixit
553 891 731 932 militum
760 891 859 940 sore,
883 893 988 931 adeo
1016 891 1177 931 accensi
1201 906 1345 930 omnes
1367 898 1475 938 sunt,

92 960 151 1000 ut,
173 951 207 990 si
228 949 439 1004 extemplo
461 950 626 1005 signum
652 949 796 989 datmn
825 958 944 997 esset,
968 948 1082 988 nulla
1102 948 1140 987 vi
1164 947 1294 987 resisti
1318 947 1478 986 videre-

93 1016 160 1048 tur
180 1023 311 1063 posse.
376 1006 596 1061 Saguntini
620 1014 665 1046 ut
686 1022 710 1045 a
730 1005 896 1061 proeliis
925 1005 1109 1060 quietem
1133 1005 1375 1052 habuerant,
1399 1019 1476 1043 nec

92 1064 351 1113 lacessentes,
382 1079 461 1104 nec
492 1063 666 1103 lacessiti
698 1078 772 1118 per
801 1062 961 1117 aliquot
991 1062 1102 1110 dies;
1136 1062 1193 1102 ita
1223 1077 1306 1100 non
1340 1070 1475 1109 nocte,

92 1137 178 1162 non
199 1121 267 1162 die
299 1136 485 1175 unquam
516 1128 781 1160 cessaverunt
811 1120 862 1159 ab
894 1135 1031 1174 opere,
1056 1128 1099 1158 ut
1127 1134 1280 1158 novum
1313 1133 1477 1157 murum

93 1180 144 1219 ab
166 1194 214 1219 ea
234 1188 363 1233 parte,
384 1194 466 1232 qua
482 1178 735 1233 patefactmn
753 1176 954 1231 oppidum
977 1175 1107 1215 ruinis
1129 1184 1227 1223 erat,
1247 1175 1477 1215 reficerent.

93 1236 200 1276 Inde
222 1236 479 1290 oppugnatio
499 1250 568 1275 eos
596 1234 809 1287 aliquanto
840 1233 1027 1280 atrocior,
1051 1247 1175 1286 quam
1206 1241 1314 1279 ante,
1338 1231 1482 1271 adorta

94 1301 178 1333 est:
212 1307 302 1339 nee,
327 1308 409 1346 qua
435 1292 616 1346 primum
645 1300 715 1330 aut
744 1290 1002 1344 potissimum
1024 1298 1140 1343 parte
1168 1289 1319 1328 ferrent
1341 1302 1478 1342 opem,

94 1364 225 1404 quum
247 1350 387 1388 omnia
414 1348 535 1388 variis
566 1347 813 1387 clamoribus
844 1354 1086 1400 streperent,
1110 1346 1206 1385 satis
1231 1346 1333 1384 scire
1362 1355 1479 1399 pote—

94 1415 197 1447 rant.
246 1405 340 1460 Ipse
364 1404 590 1451 Hannibal,
614 1419 696 1458 qua
718 1403 839 1443 turris
861 1402 1036 1450 mobilis,
1060 1402 1200 1441 omnia
1221 1402 1481 1440 munimenta

94 1463 207 1503 urbis
225 1477 425 1517 superans
447 1460 681 1507 altitudine,
704 1459 914 1513 agebatur,
937 1458 1122 1499 hortator
1142 1458 1295 1498 aderat.
1359 1458 1480 1505 Quae

67 1541 79 1562 1
126 1535 226 1560 uum
267 1518 446 1567 admota,
479 1517 698 1572 catapultis
729 1515 982 1570 ballistisque
1014 1531 1089 1570 per
1123 1515 1263 1555 omnia
1299 1514 1482 1555 tabulata

125 1576 316 1632 ispositis,
357 1590 498 1616 muros
537 1573 823 1614 defensoribus
863 1572 1083 1621 nudasset3
1127 1581 1215 1612 tum
1254 1571 1480 1619 Hannibal,

96 1633 355 1675 occasionem
384 1641 507 1680 ratus,
531 1631 783 1686 quingentos
810 1629 939 1670 ferme
964 1629 1088 1670 Afros
1109 1644 1204 1670 cum
1230 1628 1409 1669 dolabris
1430 1628 1482 1668 ad

96 1689 381 1731 subruendum
403 1690 454 1730 ab
476 1689 561 1729 imo
590 1703 754 1728 murum
777 1687 926 1727 mittit:
960 1702 1038 1727 nec
1059 1695 1147 1727 erat
1175 1686 1342 1726 difficile
1365 1700 1480 1740 opus,

66 1747 212 1803 2quod
242 1755 458 1788 caementa
485 1761 568 1786 non
601 1745 712 1786 ealce
744 1744 891 1785 durata
911 1752 1040 1792 erant,
1063 1744 1137 1785 sed
1167 1742 1351 1783 interlita
1380 1742 1482 1791 luto,

67 1814 326 1852 3strueturae
349 1804 545 1858 antiquae
572 1817 736 1858 genere.
800 1801 948 1856 Itaque
976 1801 1112 1850 latius,
1136 1815 1261 1855 quam
1290 1800 1484 1840 caedere-

98 1871 178 1910 tur,
204 1862 373 1902 ruebat:
407 1875 564 1916 perque
592 1859 780 1915 patentia
807 1859 938 1899 ruinis
967 1859 1133 1913 agmina
1160 1866 1411 1898 armatorum
1440 1857 1483 1896 in

98 1919 245 1959 urbem
272 1918 491 1958 vadebant.
554 1916 717 1957 Locum
746 1931 914 1971 quoque
943 1915 1104 1956 editum
1133 1914 1326 1970 capiunt:
1362 1913 1486 1954 colla-

99 1975 235 2030 tisque
266 1991 316 2016 eo
347 1974 565 2030 catapultis
595 1973 864 2027 ballistisque,
887 1982 934 2013 ut
954 1972 1169 2013 castellum
1200 1971 1244 2010 in
1275 1971 1364 2026 ipsa
1385 1971 1484 2011 urbe

99 2032 211 2073 velut
243 2047 380 2073 arcem
411 2031 702 2071 imminentem
732 2029 946 2078 haberent,
976 2045 1096 2070 muro
1127 2028 1409 2070 circumdant:
1444 2035 1485 2067 et
1498 2038 1687 2078 Saguntino·

103 2089 325 2144 Saguntini
346 2103 513 2129 murum
537 2087 777 2128 interiorem
806 2087 856 2127 ab
884 2087 1074 2127 nondum
1095 2095 1216 2141 capta
1236 2085 1348 2125 urbis
1370 2093 1484 2140 parte
1498 2092 1567 2141 {9¹¹¹
1585 2091 1659 2128 9⁰¹¹·

73 2146 272 2200 ‚ducunt
344 2145 569 2200 Utrimque
602 2159 764 2184 summa
794 2144 834 2184 vi
868 2152 910 2184 et
945 2144 1155 2191 muniunt,
1193 2151 1235 2182 et
1271 2127 1625 2197 ptlgliai‘it:⁵t‘²¹¹t¹³’

100 2203 187 2252 sed,
218 2203 415 2244 interiora
445 2202 617 2251 tuendo,
650 2202 854 2241 minorem
886 2201 930 2240 in
960 2200 1050 2241 dies
1080 2200 1226 2240 urbem
1266 2198 1486 2254 Saguntini

100 2260 270 2301 faciunt.
335 2259 468 2301 Simul
493 2259 640 2300 crescit
665 2258 806 2314 inopia
834 2257 1022 2298 omnium
1046 2257 1172 2312 longa
1192 2256 1423 2304 obsidione,
1446 2267 1488 2295 et

145 2442 165 2472 9
195 2432 428 2462 Vetustissimae
455 2430 771 2469 Carthaginiensiam
816 2428 949 2458 rioribus
964 2427 1161 2467 temporibus
1182 2431 1352 2464 utrumque
1369 2435 1486 2454 nomen

102 2476 259 2511 societati]
298 2474 369 2503 Iam
399 2473 442 2503 U.
468 2473 504 2503 C.
535 2482 604 2510 245.
637 2471 770 2502 Cartha·
817 2470 969 2500 confundi
1001 2474 1151 2508 coeptum
1180 2474 1236 2498 est.
1292 2468 1368 2497 Vid.
1398 2466 1485 2505 Lips.

103 2516 261 2556 ginienses
281 2525 354 2544 cum
376 2514 533 2544 Romanis
550 2515 662 2544 foedus
683 2513 770 2552 pepi-
818 2513 955 2542 Poliore.
972 2512 1014 2541 iii.
1033 2513 1049 2547 ἓ
1068 2521 1094 2540 2.
1112 2516 1141 2540 et
1161 2519 1187 2547 3.
1213 2511 1317 2539 (Ἕω.

104 2562 238 2597 ge1·ant;
267 2558 306 2586 ef.
335 2557 406 2586 Pol.
431 2556 473 2586 iii.
500 2565 547 2585 22.
573 2560 603 2585 et
627 2565 708 2593 quae
732 2555 772 2584 de
860 2564 875 2583 2
902 2555 1071 2583 Caementa
1094 2563 1156 2581 non
1180 2552 1281 2588 calce]
1312 2551 1342 2580 h.
1361 2560 1387 2580 e.
1412 2550 1487 2580 Iun-

105 2602 165 2631 hae
189 2610 222 2630 re
246 2598 393 2629 disseruit
418 2597 568 2636 Heynius
591 2597 623 2626 in
650 2598 770 2635 Opusc.
816 2599 924 2625 cturae
937 2594 1001 2624 sive
1016 2594 1160 2632 lapidum
1174 2593 1412 2623 commissiones
1424 2602 1488 2622 non

106 2643 170 2673 suis
184 2642 228 2672 iii.
246 2652 276 2681 p.
296 2650 344 2681 39.
817 2638 905 2666 calce
922 2638 1066 2673 duratae,
1085 2636 1140 2665 sed
1160 2640 1286 2665 tantum
1308 2636 1377 2665 luto
1394 2635 1488 2664 inter-

153 2695 163 2715 ι
191 2683 373 2723 Catapzcltis
388 2682 598 2721 ballistisque]
626 2679 771 2718 Antiqui·
818 2679 894 2709 litae
911 2683 1010 2709 erant.

106 2731 158 2757 tus
187 2727 266 2756 haec
296 2726 359 2755 duo
387 2724 498 2754 sedulo
525 2722 674 2761 distingui
705 2732 774 2751 mos
862 2731 878 2759 3
903 2722 1133 2760 L(ttizc.<,qua›n
1150 2721 1352 2756 caederetur]
1375 2719 1490 2757 Itaque

107 2774 184 2800 erat.
230 2768 412 2807 Catapultis
439 2766 516 2801 tela,
542 2766 674 2795 ballistis
699 2775 776 2794 saxa
822 2763 915 2793 latior
936 2767 1002 2793 erat
1021 2763 1123 2799 ruina,
1140 2772 1235 2801 quam
1257 2772 1294 2792 ea
1316 2772 1388 2801 pars
1408 2761 1490 2792 muri

107 2812 345 2849 torquebantur.
376 2808 531 2840 Ballistae
548 2807 675 2837 maioris
686 2810 775 2836 erant
821 2816 903 2845 quae
920 2816 1011 2836 caesa
1028 2805 1092 2836 sive
1109 2805 1171 2836 icta
1189 2805 1300 2837 suerat.
1325 2805 1431 2835 CREY.

107 2852 212 2890 molis,
228 2863 323 2892 quarn
347 2851 540 2891 catapultae.
586 2850 648 2881 Sed
672 2853 774 2889 poste-
