1877 3178
200 183 243 213 U.
260 182 297 213 C.
320 190 391 221 542.

197 226 236 255 A.
261 225 298 256 C.
320 234 390 257 210.

200 762 317 791 Senatu
322 771 347 790 s-

201 804 379 833 consultum

200 847 240 875 de
256 846 388 884 Syracu-

200 898 255 917 san
260 898 347 917 orum

200 931 302 960 rebus.

201 1155 376 1194 Syracusae

203 1197 234 1226 in
247 1197 396 1226 clientela

203 1238 360 1269 Marcelli.

265 1375 331 1412 33.

203 1429 379 1468 Campanis

203 1472 297 1501 datur
310 1482 395 1502 sena-

205 1518 265 1544 tus.

402 92 482 130 318
913 90 1058 132 ΤΙΤΙ
1095 90 1271 133 LIVII

404 180 607 236 ‘periisse,
641 180 834 223 horreum
869 190 993 237 atque
1026 182 1229 223 aerarium
1261 182 1471 238 quondam
1503 183 1645 240 populi
1682 183 1769 224 Ro-

405 238 562 279 ⁶mani:
596 238 712 279 cuius
737 239 1021 280 munificentia
1051 254 1097 279 ac
1128 239 1246 280 donis
1276 239 1415 280 multis
1446 241 1767 296 tempestatibuS,

404 300 415 318 ⁶
428 294 506 335 hoc
523 295 702 350 denique
719 296 807 351 ipso
829 296 988 336 Punico
1004 295 1124 345 bello,
1140 296 1281 336 adiuta
1296 305 1520 352 ornataque
1541 297 1771 352 respublica

405 356 417 375 ⁶
429 360 544 392 esset.
609 352 652 393 Si
680 353 730 393 ab
751 353 891 393 inferis
916 353 1082 394 exsistat
1102 368 1175 394 rex
1202 353 1345 402 Hiero,
1367 353 1587 394 fidissimus
1607 354 1769 409 imperii

406 414 418 432 ⁶
432 408 611 449 Romani
646 410 787 459 cultor,
823 425 905 465 quo
941 425 1009 450 ore
1042 419 1113 450 aut
1148 410 1378 466 Syracusas,
1412 419 1483 451 aut
1518 410 1695 451 Romam
1731 410 1770 451 ei

406 471 418 489 ⁶
431 466 592 507 ostendi
613 467 762 521 posse?
793 482 934 522 quum,
953 467 1023 508 ubi
1044 467 1279 507 semirutam
1297 482 1343 508 ac
1363 467 1576 523 spoliatam
1596 467 1770 522 patriam

408 528 419 546 ⁶
431 523 687 578 respexisset,
705 524 940 579 ingrediens
963 524 1138 564 Romam
1160 524 1203 564 in
1220 524 1420 565 vestibulo
1437 525 1560 573 urbis,
1577 539 1705 579 prope
1726 523 1769 563 in
1783 533 1800 563 3

406 584 419 603 ⁶
431 589 559 635 porta,
601 580 729 635 spolia
767 581 920 636 patriae
961 596 1056 621 suae
1098 581 1255 621 visurus
1295 581 1391 622 sitP’
1434 580 1550 622 Haec
1591 580 1769 636 taliaque

406 651 534 692 quum
556 636 608 677 ad
628 637 823 678 invidiam
846 637 1023 678 consulis
1044 638 1430 693 miserationemque
1456 637 1686 678 Siculorum
1708 637 1771 677 di-

405 702 608 742 cerentur,
631 694 769 734 mitius
791 703 930 735 tamen
957 694 1227 735 decreverunt
1252 695 1394 736 Patres
1415 710 1537 735 causa
1557 693 1768 735 Marcelli:

408 755 419 773 ⁶
436 749 554 798 Quae
571 751 604 790 is
624 766 771 805 gerens
786 751 939 791 bellum
953 752 1164 807 victorque
1182 753 1341 807 egisset,
1360 760 1446 793 rata
1465 751 1655 792 habenda
1671 765 1770 791 esse.

409 811 420 830 ⁶
435 806 484 848 In
507 807 711 862 reliquum
733 823 853 848 curae
875 809 1034 849 senatui
1054 809 1139 849 fore
1161 824 1247 849 rem
1272 809 1580 865 Syracusanam,
1603 808 1772 848 manda-

408 869 627 919 ⁶turosque
661 865 818 905 consuli
850 865 1045 914 Laevino,
1078 866 1191 921 quod
1220 866 1307 907 sine
1338 866 1493 906 iactura
1522 865 1771 920 reipublicae

409 926 420 944 ⁶
433 921 522 961 fieri
562 930 708 976 posset,
750 922 923 962 fortunis
963 923 1051 962 eius
1090 923 1263 963 civitatis
1303 922 1559 964 consuleret.'
1633 921 1772 962 Missis

407 977 567 1018 duobus
589 978 844 1018 senatoribus
871 979 913 1018 in
938 978 1191 1034 Capitolium
1213 979 1265 1019 ad
1286 980 1508 1028 consulem,
1532 979 1592 1019 uti
1619 978 1773 1019 rediret

407 1034 451 1073 in
464 1034 632 1082 curiam,
649 1044 688 1074 et
705 1034 949 1075 introductis
966 1035 1124 1084 Siculis,
1140 1037 1540 1076 senatusconsultum
1556 1035 1773 1076 recitatum

408 1099 491 1130 est:
525 1090 745 1145 legatique,
777 1092 955 1145 benigne
986 1092 1179 1147 appellati
1210 1108 1256 1132 ac
1286 1093 1454 1139 dimissi,
1486 1093 1539 1133 ad
1565 1107 1701 1147 genua
1730 1107 1772 1132 se

409 1146 599 1187 Marcelli
620 1147 797 1188 consulis
817 1149 1089 1203 proiecerunt,
1108 1150 1377 1197 obsecrantes,
1402 1155 1413 1173 ⁶
1425 1158 1483 1198 ut,
1506 1164 1610 1204 quae
1632 1147 1773 1203 deplo-

410 1210 420 1227 ⁶
434 1204 584 1244 randae
606 1219 652 1245 ac
674 1204 871 1245 levandae
899 1206 1140 1246 calamitatis
1165 1221 1284 1246 causa
1309 1206 1520 1254 dixissent,
1543 1205 1703 1246 veniam
1724 1205 1773 1245 iis

410 1266 421 1284 ⁶
434 1261 562 1310 daret,
580 1262 677 1302 etin
694 1262 819 1302 fidem
833 1261 1149 1318 clientelamque
1165 1278 1205 1303 se
1224 1263 1450 1318 urbemque
1476 1262 1693 1319 Syracusas
1709 1276 1775 1302 ac-

411 1323 422 1341 ⁶
439 1318 618 1373 cipere&
678 1318 778 1359 Post
798 1319 898 1359 haec
920 1320 1063 1360 consul
1084 1319 1310 1361 clementer
1331 1320 1556 1375 appellatos
1577 1319 1742 1360 dimisit.

470 1374 693 1431 Campanis
710 1376 860 1417 deinde
875 1385 1038 1417 senatus
1055 1377 1174 1417 datus
1187 1387 1259 1426 est,
1278 1393 1453 1432 quorum
1470 1377 1597 1417 oratio
1612 1376 1776 1416 misera-

409 1431 540 1480 bilior,
563 1448 684 1473 causa
711 1433 851 1473 durior
871 1442 967 1474 erat.
1030 1433 1180 1489 Neque
1206 1434 1316 1475 enim
1338 1435 1502 1475 meritas
1521 1448 1674 1489 poenas
1703 1447 1777 1473 ne-

409 1504 504 1544 gare
525 1497 727 1544 poterant,
745 1505 822 1531 nec
838 1490 1001 1546 tyranni
1022 1500 1149 1540 erant,
1166 1491 1208 1531 in
1225 1507 1328 1547 quos
1344 1491 1506 1547 culpam
1523 1491 1773 1531 conferrent:

410 1545 484 1586 sed
510 1546 605 1586 satis
635 1561 808 1601 pensum
836 1562 1074 1602 poenarum,
1099 1557 1158 1589 tot
1178 1563 1338 1589 veneno
1366 1548 1602 1604 absumptis,
1625 1555 1686 1588 tot
1715 1562 1777 1587 se-

411 1602 498 1642 curi
528 1603 727 1657 percussis
763 1605 1029 1653 senatoribus,
1060 1605 1292 1646 credebant.
1356 1605 1542 1646 ‘Paucos
1575 1604 1777 1645 nobilium

413 1664 424 1682 ⁶
437 1660 673 1714 superstites
694 1675 792 1709 esse,
816 1676 918 1715 quos
940 1676 1016 1701 nec
1037 1676 1109 1702 sua
1128 1662 1391 1710 conscientia,
1416 1671 1461 1702 ut
1481 1662 1702 1717 quicquam
1724 1660 1776 1700 de

413 1721 425 1739 ⁶
441 1731 482 1756 se
510 1716 672 1771 gravius
702 1717 973 1766 consulerent,
1002 1718 1223 1773 impulerit,
1249 1734 1326 1759 nec
1353 1719 1517 1759 victoris
1547 1719 1607 1759 ira
1633 1717 1809 1773 capitis4

414 1778 425 1796 ⁶
441 1772 718 1822 damnaverit3
751 1789 819 1814 eos
846 1774 1077 1815 libertatem
1104 1775 1181 1815 sibi
1208 1775 1386 1829 suisque,
1409 1785 1450 1815 et
1477 1776 1679 1815 bonorum
1704 1773 1779 1815 ali-

414 1835 425 1853 ⁶
441 1845 565 1885 quam
586 1838 744 1885 partem
764 1846 892 1880 orare,
910 1831 1018 1872 cives
1040 1831 1262 1880 Romanos,
1280 1832 1544 1872 affinitatibus
1559 1831 1777 1887 plerosque

415 1892 426 1910 ⁶
439 1895 481 1927 et
519 1887 761 1942 propinquis
801 1888 881 1928 iam
922 1889 1232 1943 cognationibus
1278 1903 1330 1929 ex
1371 1888 1578 1929 connubio
1617 1895 1778 1928 vetusto
1792 1899 1809 1931 5

415 1949 426 1967 ⁶
441 1944 627 1984 iunctos?
689 1944 912 1985 Summotis
951 1945 1102 1985 deinde
1138 1960 1159 1986 e
1200 1945 1366 2000 templo,
1399 1945 1620 2001 paullisper
1659 1943 1779 1984 dubi-

412 2009 557 2049 tatum,
579 2016 630 2040 an
659 2002 924 2041 arcessendus
949 2017 972 2042 a
995 2001 1141 2057 Capua
1171 2002 1222 2049 Q.
1242 2001 1409 2042 Fulvius
1436 2010 1553 2050 esset,
1575 2002 1780 2057 (mortuus

413 2057 524 2098 enim
557 2066 649 2113 post
683 2066 843 2113 captam
876 2058 1077 2099 Claudius
1109 2059 1250 2099 consul
1279 2059 1383 2113 erat)
1413 2067 1459 2099 ut
1485 2073 1621 2099 eoram
1649 2058 1812 2113 impe-6

415 2122 559 2163 ratore,
584 2115 655 2170 qui
682 2130 745 2155 res
769 2115 970 2171 gessisset,
996 2116 1100 2156 sicut
1127 2116 1236 2156 inter
1265 2116 1510 2157 Marcellum
1539 2115 1779 2170 Siculosque

415 2171 689 2227 disceptatum
708 2172 852 2221 fuerat,
870 2172 1187 2228 disceptaretur:
1221 2173 1332 2222 dein,
1355 2188 1484 2228 quum
1506 2172 1566 2213 M.
1587 2171 1779 2220 Atilium,

418 2227 467 2268 C.
487 2227 680 2269 Fulvium
695 2229 860 2270 fratrem
883 2229 1031 2279 Flacci,
1048 2229 1203 2285 legatos
1224 2230 1323 2279 eius,
1338 2245 1385 2271 ac
1410 2229 1462 2278 Q.
1483 2229 1718 2270 Minucium
1739 2236 1781 2268 et

459 2364 476 2393 3
500 2356 606 2394 Prope
621 2356 656 2384 in
669 2357 779 2394 porta]
810 2356 860 2385 Ad
877 2359 999 2394 portam
1017 2356 1076 2386 Ca—

417 2407 532 2435 penam
549 2401 637 2426 erant.
653 2398 774 2436 templa
789 2408 808 2427 a
821 2398 976 2427 Marcello
991 2398 1076 2427 dedi-

417 2443 498 2476 cata,
511 2442 542 2468 et
557 2439 665 2478 spoliis
677 2440 902 2478 Syracusarum
915 2444 1077 2476 exornata,

417 2486 452 2511 ut
475 2481 663 2512 memoravit
690 2481 799 2511 Livius
822 2492 906 2521 supr.
932 2492 1005 2512 xxv.
1027 2492 1077 2520 40.

417 2524 521 2553 szv.

459 2576 477 2602 4
500 2567 641 2595 Gravius
662 2567 875 2603 consulerent]
915 2577 956 2597 se.
973 2566 1079 2596 Morte

418 2606 475 2635 sibi
493 2607 723 2638 consciscenda.

467 2656 482 2686 5
510 2651 564 2678 Eoe
593 2651 747 2680 connubio
776 2651 911 2688 vetusto]
951 2651 1078 2681 Connu-

419 2689 506 2718 bium
523 2692 691 2729 peregrinis
704 2702 775 2721 cum
794 2692 914 2722 civibus
926 2692 1080 2722 Romanis

419 2740 481 2759 nou
499 2736 573 2762 erat.
609 2734 720 2767 Quum
735 2744 806 2763 vero
818 2734 995 2773 Campanis
1006 2745 1078 2764 ann.

421 2771 463 2801 U.
476 2772 512 2801 C.
531 2780 599 2810 417.
617 2774 727 2803 civitas
750 2775 816 2804 sine
839 2776 985 2815 suffragio
1006 2777 1081 2806 data

420 2817 512 2849 esset,
527 2814 703 2853 municipes
719 2817 857 2847 Romani
880 2818 1008 2854 fiebant,
1026 2828 1077 2847 ne-

1121 2366 1182 2394 que
1196 2355 1335 2395 amplius
1351 2355 1520 2395 peregrinis
1531 2356 1781 2385 annumeraban-

1121 2402 1180 2428 tur.
1228 2399 1324 2429 Unde
1348 2398 1540 2428 connubium
1562 2397 1600 2427 iis
1622 2407 1694 2428 cum
1717 2398 1781 2427 Ro-

1120 2440 1222 2469 manis
1239 2444 1397 2470 vetustum
1413 2440 1508 2470 fuisse
1525 2443 1622 2479 patet.
1648 2440 1685 2471 ef.
1697 2449 1782 2478 supr.

1122 2482 1185 2512 viii.
1207 2492 1253 2520 14.

1163 2523 1182 2554 6
1199 2525 1353 2555 Claudz'us
1368 2523 1493 2563 consul]
1514 2524 1564 2555 Ob
1580 2526 1781 2563 prorogatum

1124 2567 1288 2597 consulare
1323 2566 1492 2605 imperium
1521 2568 1631 2596 consul
1658 2565 1783 2601 dicitur,

1123 2608 1175 2647 qui
1188 2609 1355 2647 proconsul
1365 2609 1578 2647 appellandus
1590 2611 1782 2646 erat,quem-

1123 2651 1295 2680 admodum
1323 2651 1432 2689 paullo
1457 2654 1528 2689 post
1552 2650 1591 2680 de
1614 2649 1727 2680 Fulvio
1750 2651 1781 2678 et

1123 2693 1279 2723 Claudio:
1304 2694 1345 2722 In
1365 2694 1492 2723 consilio
1515 2717 1521 2723 .
1539 2716 1546 2722 .
1563 2716 1570 2722 .
1594 2691 1780 2722 consulibus.

1124 2735 1227 2773 Saepe
1256 2738 1376 2771 autem,
1405 2735 1485 2764 sieut
1522 2737 1696 2772 praetorem
1724 2741 1781 2770 pro

1124 2781 1336 2815 propraetore,
1362 2776 1406 2806 ita
1435 2776 1597 2805 consulem
1626 2783 1682 2812 pro
1712 2783 1780 2811 pro-

1124 2819 1253 2848 consule
1269 2818 1331 2847 dici
1346 2817 1568 2848 animadvertit
1583 2815 1745 2846 Drakenb.
