1877 3178
381 88 463 126 516
893 86 1042 129 ΤΙΤΙ
1084 88 1262 130 LIVII

179 185 222 215 U.
240 185 277 215 C.
301 181 527 225 549.‘mum
560 176 777 231 acceperit.
840 176 927 217 Illis
954 177 1211 233 nuptialibus
1241 178 1400 219 facibus
1429 178 1587 233 regiam
1617 178 1771 220 confla-

178 228 218 258 A.
242 227 279 258 C·
303 237 374 266 ²03·
390 237 549 288 ‘grasse
564 247 697 273 suam:
732 233 843 273 illam
857 233 1007 274 furiam
1022 244 1265 290 pestemque
1280 235 1473 275 omnibus
1487 234 1771 276 delinimentis

391 290 601 330 ‘animum
627 305 747 330 suum
776 291 968 331 avertisse
997 300 1121 346 atque
1151 291 1372 332 alienasse:
1407 306 1484 332 nec
1512 292 1770 346 conquiesse,

391 347 548 387 ‘donec
568 347 657 402 ipsa
677 347 868 387 manibus
896 348 979 387 suis
999 348 1157 388 nefaria
1177 348 1254 389 sibi
1284 363 1397 388 arma
1417 348 1612 388 adversus
1633 348 1773 403 hospi-

391 409 499 444 ‘tem
522 412 646 459 atque
669 404 849 444 amicum
870 404 1065 445 induerit.
1128 404 1300 445 Perdito
1322 414 1461 445 tamen
1483 414 1607 460 atque
1622 404 1773 445 afflicto

390 461 492 501 ‘sibi
513 460 651 501 hocin
674 461 848 501 miseriis
870 461 1002 501 solatii
1025 476 1125 510 csse,
1144 462 1258 516 quod
1279 462 1323 501 in
1346 462 1532 502 omnium
1555 461 1773 502 hominum

393 517 693 557 ‘inimicissimi
726 517 803 557 sibi
839 518 1011 558 domum
1048 534 1093 559 ac
1124 527 1296 573 penates
1327 518 1504 559 eandem
1535 526 1696 573 pestem
1726 533 1773 559 ac

393 574 564 614 ‘furiam
588 574 778 614 transisse
796 574 945 615 videat.
1000 574 1154 630 Neque
1177 575 1505 630 prudentiorem,
1520 590 1657 630 neque
1675 589 1775 615 con-

393 636 404 654 ‘
420 631 661 671 stantiorem
712 630 990 679 Masinissam,
1039 647 1163 686 quam
1216 631 1464 687 Syphacem,
1507 646 1606 680 esse,
1648 631 1773 672 etiam

393 688 587 728 ‘iuventa
617 688 902 729 incautiorem.
968 688 1094 729 Certe
1126 689 1291 729 stultius
1322 689 1439 729 illum
1467 697 1592 743 atque
1623 688 1775 728 intem-

249 744 312 781 14.
393 750 507 799 pel
495 754 631 785 1111195
654 760 758 793 eam,
774 760 898 799 quam
921 760 976 794 se,
993 745 1171 786 duxisse.
1177 746 1186 761 ³
1247 745 1301 785 II
1294 761 1365 786 1199
1387 761 1471 786 11011
1488 744 1627 785 hostili
1649 744 1774 785 modo

391 802 500 851 odio,
533 801 606 842 sed
636 802 785 842 amoris
816 802 941 842 etiam
979 802 1168 851 stimulis,
1201 811 1379 842 amatam
1417 802 1528 857 apud
1565 801 1776 842 aemulum

390 873 578 907 cernens,
601 873 730 912 quum
754 858 949 907 dixisset3
983 874 1068 899 non
1101 859 1301 899 mediocri
1326 874 1423 899 cura
1455 858 1659 914 Scipionis
1687 859 1776 899 ani-

392 930 506 954 mum
547 914 717 969 pepulit.
783 914 838 954 Et
878 915 1004 955 fidem
1039 916 1280 955 criminibus
1320 924 1460 971 raptae
1501 931 1629 971 prope
1666 915 1807 961 inter9

390 986 506 1011 arma
545 971 730 1026 nuptiae,
763 986 900 1026 neque
938 971 1141 1021 consulto,
1175 987 1313 1026 neque
1345 981 1583 1027 exspectato
1614 972 1773 1021 Laelio,

390 1027 623 1075 faciebant3
658 1036 826 1082 tamque
856 1043 1053 1083 praeceps
1081 1028 1304 1092 festinatio,
1327 1037 1386 1077 ut,
1410 1044 1494 1084 quo
1522 1029 1589 1069 die
1611 1038 1774 1084 captam

390 1084 554 1125 hostem
575 1084 756 1133 vidisset,
775 1085 922 1125 codem
945 1085 1209 1126 matrimonio
1226 1085 1409 1126 iunctam
1431 1086 1649 1140 acciperet,
1664 1094 1706 1126 et
1722 1085 1775 1126 ad

402 1150 563 1182 Jenatcs
584 1141 713 1182 hostis
731 1142 794 1182 sui
816 1142 1001 1197 nuptiale
1024 1157 1185 1182 sacrum
1207 1143 1441 1183 conficeret.
1505 1142 1569 1182 Eo
1590 1142 1776 1183 foediora

390 1156 493 1239 111199
510 1198 758 1239 videbantur
783 1198 981 1254 Scipioni,
1000 1199 1145 1263 quod
1136 1214 1271 1255 ipsum
1288 1200 1330 1239 in
1354 1199 1561 1255 Hispania
1580 1199 1774 1240 iuvenem
1792 1218 1804 1238 1

390 1255 546 1295 nullius
576 1256 707 1296 forma
736 1256 953 1311 pepulelat
984 1256 1182 1312 captivae.
1246 1256 1364 1297 Haec
1400 1271 1540 1297 secum
1570 1256 1776 1297 volutanti

392 1312 561 1353 Laelius
586 1328 632 1353 ac
664 1312 885 1354 Masinissa
915 1329 1063 1369 supcn
1067 1321 1254 1354 9119111111
1322 1313 1439 1361 Quos
1467 1328 1599 1368 quum
1623 1313 1777 1368 pariter

392 1369 513 1410 ambo
535 1378 576 1410 et
596 1370 780 1425 benigno
802 1370 920 1411 vultu
945 1371 1188 1426 excepisset,
1211 1379 1252 1411 et
1273 1370 1448 1426 egregiis
1475 1370 1668 1411 laudibus
1696 1370 1776 1410 fie-

393 1427 539 1491 quenti
561 1428 767 1482 practorio
796 1427 1066 1476 celebr3asset
1099 1428 1361 1468 abductum
1353 1443 1395 1467 111
1417 1436 1623 1468 secretum
1646 1426 1777 1467 Masi-

183 1493 330 1524 Masinis-
393 1484 545 1524 nissam
574 1485 631 1525 sic
660 1484 907 1540 alloquitur·
943 1485 1127 1549 ‘Aliqua
1158 1494 1197 1526 tc
1226 1485 1431 1533 existimo,
1456 1483 1721 1533 Masinissa,
1711 1499 1776 1524 111-

184 1536 359 1609 samscastj-
395 1546 609 1581 ‘tuentem
631 1542 674 1581 in
697 1557 763 1582 me
785 1543 907 1590 bona,
931 1551 971 1582 et
992 1542 1198 1597 principio
1226 1542 1270 1582 in
1300 1541 1505 1597 Hispania
1526 1541 1608 1581 ad
1599 1556 1776 1596 lungen-

182 1582 236 1616 gat
276 1589 369 1617 ωηο
395 1597 519 1637 ‘dam
559 1613 724 1638 mecum
765 1599 989 1639 amicitiam
1023 1599 1194 1647 venisse,
1229 1607 1272 1639 et
1304 1611 1446 1654 postea
1478 1598 1521 1638 in
1555 1598 1699 1638 Africa
1735 1606 1775 1638 te

394 1654 557 1708 ‘ipsum
589 1669 765 1709 spesque
803 1671 947 1696 omnes
979 1664 1069 1696 tuas
1099 1656 1143 1695 in
1176 1656 1304 1696 fidem
1337 1670 1473 1696 meam
1509 1655 1772 1696 commisisse.

394 1711 556 1766 ‘Atqui
586 1711 701 1751 nulla
731 1726 873 1751 earum
909 1712 1037 1751 virtus
1070 1720 1144 1761 est,
1177 1721 1347 1767 propter
1379 1727 1481 1767 quas
1516 1711 1776 1767 appetendus

395 1773 406 1791 ‘
422 1767 496 1808 tibi
518 1768 627 1807 visus
649 1768 738 1816 sim,
762 1783 845 1823 qua
866 1783 975 1822 ego
965 1783 1143 1822 aeque,
1132 1777 1256 1823 atque
1279 1769 1551 1823 temperantia
1581 1776 1622 1808 et
1642 1768 1776 1808 conti-

395 1824 566 1864 ‘nentia
593 1824 828 1873 libidinum,
858 1825 1055 1880 glffliatus
1082 1825 1243 1865 fuerim.
1307 1824 1430 1865 Hanc
1460 1834 1500 1865 te
1529 1839 1696 1880 quoque
1723 1824 1776 1865 ad

395 1887 575 1921 ‘ceteras
606 1890 697 1921 tuas
728 1881 900 1922 eximIas
929 1882 1115 1931 virtutes,
1147 1881 1379 1930 Masinissa,
1409 1882 1606 1922 adiecisse
1637 1881 1772 1922 velim.

395 1937 521 1978 ‘Non
561 1946 635 1986 est,
670 1953 768 1987 non,
803 1938 905 1977 mihi
942 1938 1076 1987 crede,
1110 1946 1273 1978 tantum
1304 1939 1354 1978 ab
1390 1938 1578 1978 hostibus
1611 1938 1776 1978 armatis

395 2001 405 2018 ‘
422 1995 548 2035 aetati
570 2002 731 2035 nostrae
753 1994 998 2050 periculum,
1017 2003 1220 2049 quantum
1243 1995 1293 2035 ab
1315 1995 1573 2035 circumfusis
1588 1995 1776 2050 undique

395 2057 407 2075 ‘
420 2051 712 2107 voluptatibus.
779 2051 866 2099 Qui
888 2066 955 2092 eas
972 2066 1045 2091 sua
1059 2051 1333 2107 temperantia
1347 2052 1523 2092 frenavit
1539 2067 1586 2093 ac
1600 2051 1775 2101 domuit,

396 2108 551 2149 ‘multo
584 2108 717 2149 maius
756 2107 884 2148 decus
917 2108 1200 2164 maioremque
1241 2108 1456 2149 victoriam
1489 2109 1567 2149 sibi
1601 2108 1775 2164 peperit,

396 2171 547 2220 ‘quam
579 2180 655 2206 nos
689 2165 877 2221 Syphace
909 2165 1018 2206 victo
1048 2165 1261 2206 habemus.
1327 2165 1461 2213 Quae,
1493 2180 1559 2206 me
1593 2165 1776 2215 absente,

397 2228 588 2262 ‘strenue
622 2237 669 2262 ac
701 2222 863 2262 fortiter
894 2222 1040 2270 fecisti,
1072 2221 1251 2263 libenter
1290 2230 1332 2262 et
1366 2222 1700 2271 commemoravi,
1734 2231 1778 2262 et

399 2279 617 2320 ‘meminit
668 2287 805 2319 cetera
844 2287 883 2319 te
925 2278 1061 2333 ipsum
1101 2287 1292 2334 reputare
1334 2286 1486 2327 tecum,
1528 2293 1667 2333 quam,
1708 2293 1776 2319 me

398 2342 409 2359 ‘
423 2335 601 2384 dicente,
624 2335 867 2376 erubescere
896 2335 1015 2376 malo.
1082 2335 1253 2391 Syphax
1273 2335 1419 2391 populi
1440 2335 1623 2376 Romani
1642 2335 1779 2390 auspi-

398 2398 410 2416 ⁶
425 2392 499 2433 ciis
526 2393 660 2432 victus
688 2401 917 2447 captusque
946 2400 1018 2432 est.
1081 2391 1231 2447 Itaque
1262 2393 1363 2447 ipse,
1389 2393 1556 2441 coniux,
1585 2406 1775 2448 regnum,

398 2455 409 2473 ⁶
425 2464 535 2504 ager,
571 2448 737 2504 oppida,
774 2448 976 2497 homines,
1014 2449 1084 2504 qui
1119 2449 1320 2498 incolunt,
1357 2448 1559 2504 quicquid
1594 2448 1776 2504 denique

435 2615 455 2645 9
472 2606 598 2644 Raptae
607 2606 724 2644 prope]
746 2606 887 2644 Raptum
902 2606 1063 2645 eleganter
1106 2605 1219 2645 arguit.
1264 2605 1381 2643 Neque
1406 2604 1490 2635 enim
1514 2605 1556 2635 ad
1582 2603 1775 2643 iungendam

394 2646 511 2677 (licitur
530 2647 656 2686 quidvis
675 2649 795 2687 raptim
814 2648 947 2678 factum.
972 2647 1061 2678 (91110-
1107 2658 1180 2677 cum
1208 2646 1357 2686 Scipione
1383 2647 1558 2677 amicitiam
1585 2650 1712 2676 venerat
1742 2646 1774 2676 in

395 2697 468 2719 Nov.
1108 2689 1301 2728 Hispaniam
1325 2689 1505 2726 Masinissa,
1524 2689 1578 2719 sed
1601 2689 1642 2718 ad
1665 2688 1774 2718 iuvan-

441 2739 451 2758 1
479 2732 519 2760 In
556 2732 739 2770 Hispania]
789 2731 842 2761 Ita
879 2730 1063 2761 9111911ᾶ11111
1108 2732 1165 2761 dos
1186 2731 1307 2761 auxilio
1324 2730 1611 2770 Carthaginienses.
1658 2730 1775 2760 Postea

396 2770 534 2802 Gronov.
548 2782 603 2810 pro
615 2773 697 2811 vulg.
710 2775 745 2803 in
758 2775 966 2813 Hispaniam
978 2774 1063 2812 quod
1108 2774 1147 2803 ab
1164 2772 1200 2804 iis
1216 2774 1257 2804 ad
1274 2774 1440 2804 Romanos
1455 2773 1625 2804 defecerat.
1649 2772 1755 2804 CREv.

396 2811 542 2842 uitiosum
567 2823 645 2850 esse,
668 2818 698 2844 et
724 2815 844 2854 scripti,
869 2819 900 2844 et
924 2815 993 2854 ipsa
1016 2825 1064 2845 res
