1871 3178
518 102 581 143 hl
601 103 643 143 13.
675 104 866 147 XXVII.
913 109 1057 151 (JAl'.
1084 120 1119 152 8.
1427 127 1507 163 349

126 183 245 225 Italia
265 188 465 229 ambobus
493 193 706 246 provincia
725 195 913 245 decreta3
947 200 1185 252 regionibus
1214 213 1351 246 tamen
1382 212 1507 263 parti·
1524 224 1565 254 U.
1584 226 1620 255 (⁷.
1645 236 1716 264 545·

124 249 211 280 tum
234 242 478 298 imperium:
517 247 664 290 fabius
681 251 732 291 ad
751 252 995 303 Tarentum,
1017 255 1185 298 Fulvius
1204 260 1244 300 in
1264 261 1444 306 Lucanis
1461 283 1506 308 ac
1523 267 1558 295 A.
1584 269 1620 316 {³-
1645 278 1719 314 50‘1·

124 296 299 338 Bruttiis
331 315 416 341 rem
448 316 622 357 gereret.
686 307 746 349 M.
774 309 954 351 Claudio
978 324 1243 367 prorogatum
1275 318 1318 358 in
1350 337 1505 363 annum
1521 310 1562 379 (xij
1579 310 1716 385 ξὲἶιῗὲζιι,

121 353 176 393 im
196 355 353 397 mrium.
418 359 633 403 Praetores
661 365 792 405 sortiti
819 367 1072 420 provincias:
1110 371 1158 412 C.
1186 373 1389 417 Hostilius
1419 379 1569 419 'su-xio
1591 393 1649 423 lv.

120 368 242 451 buius
266 414 476 463 urbanam,
501 418 548 458 1..
570 419 770 461 Veturius
799 422 921 463 Philo
949 427 1211 481 peregrinam
1234 446 1328 472 cum
1355 434 1504 485 Gallia,
1520 434 1614 503 ‘'J-'⁸³2
1663 477 1667 482 .

121 465 171 506 T.
195 468 420 515 Quinctius
451 474 671 530 Crispinus
705 477 909 533 Capuam,
944 481 993 522 C.
1016 483 1328 529 Aurunculeius
1368 492 1507 532 Sardi-
1519 486 1709 548 &masiae

119 523 243 565 niam.
308 527 528 571 Exercitus
560 532 613 572 ita
650 548 725 588 per
756 536 988 589 provincias
1024 539 1155 582 divisi.
1221 544 1366 588 Fulvio
1399 549 1504 590 duae
1519 562 1578 589 tus.

118 579 314 635 legiones,
338 600 439 639 quas
461 587 503 626 in
529 589 668 630 Sicilia
689 590 749 630 M.
773 591 962 634 Valerius
985 595 1195 639 Laevinus
1217 600 1411 645 haberet:
1450 608 1502 654 (οὶ.

120 635 259 687 Fabio,
283 641 434 694 quibus
463 643 504 683 in
536 644 703 687 Etruria
727 648 776 688 C.
799 648 1054 704 Calpurnius
1084 658 1339 709 praefuisset,
1362 661 1506 703 decre-

117 701 194 734 tae.
259 695 478 739 Exercitus
511 701 692 743 urbanus
724 713 771 745 ut
804 705 847 745 in
891 707 1101 751 Etruriam
1142 716 1405 758 succederet:
1452 720 1502 761 C.

119 748 372 806 Calpurnius
401 756 537 796 eidem
566 769 773 813 praeesset
803 764 1039 817 provinciae
1069 771 1383 827 exercituique:
1421 776 1505 817 Ca-

115 820 239 860 puam
269 811 596 868 exercitumque,
620 831 745 870 quem
772 818 824 866 Q.
846 819 1015 863 Fulvius
1043 824 1268 877 habuisset,
1292 831 1342 870 T.
1366 834 1504 880 Quin-

82 863 220 909 4ctius
253 866 471 909 obtineret.
534 870 583 911 L.
608 871 808 915 Veturius
844 877 894 917 ab
929 878 978 919 C.
1003 880 1199 924 Laetorio
1235 899 1502 942 propraetore

113 920 367 974 provinciam
390 926 718 984 exercitumque,
742 933 814 986 qui
838 942 926 974 tum
956 936 1034 977 iam
1060 939 1243 982 Arimini
1273 954 1371 994 crat,
1395 948 1502 987 acci-

112 986 241 1030 peret.
305 979 366 1020 M.
393 980 609 1033 Marcello,
652 988 804 1041 quibus
845 993 987 1033 consul
1030 995 1136 1036 bene
1177 1013 1264 1039 rem
1304 1014 1497 1056 gesserat,

111 1032 297 1088 legiones
318 1037 523 1081 decretae.
586 1042 647 1083 ζΜ.
669 1043 837 1086 Valerio
859 1063 953 1088 cum
980 1050 1028 1091 L.
1053 1052 1203 1094 Cincio
1225 1056 1308 1107 (his
1330 1074 1497 1115 quoque

111 1099 172 1130 est
193 1092 305 1132 enim
328 1107 595 1150 prorogatum
626 1100 667 1139 in
694 1102 834 1143 Sicilia
856 1104 1097 1162 imperium)
1122 1110 1357 1154 Cannensis
1379 1131 1497 1157 exer-

111 1146 217 1187 citus
238 1147 381 1190 datus:
416 1167 596 1208 cumque
625 1157 816 1212 supplere
839 1176 891 1200 ex
914 1162 1125 1214 militibus,
1149 1168 1220 1222 qui
1249 1185 1301 1209 ex
1323 1170 1497 1227 legioni-

111 1202 187 1243 bus
212 1203 291 1245 Cn.
312 1206 447 1247 Fulvii
465 1223 740 1265 superessent,
759 1215 866 1256 iussi.
933 1218 1203 1276 Conquisitos
1220 1240 1289 1266 cos
1306 1230 1496 1272 consules

109 1258 153 1298 in
178 1260 359 1302 Siciliam
382 1265 606 1308 miserunt:
641 1270 866 1327 additaque
889 1275 1034 1317 cadem
1057 1279 1228 1322 militiae
1252 1283 1493 1337 ignominia,

77 1316 185 1361 5sub
218 1332 301 1371 qua
336 1319 581 1364 Cannenses
614 1326 859 1378 militabant,
895 1332 1051 1388 quique
1088 1351 1139 1376 ex
1173 1342 1372 1392 praetoris
1411 1343 1491 1385 Cn.

108 1372 243 1413 Fulvii
268 1377 467 1426 exercitu,
499 1381 551 1421 ob
582 1382 724 1423 similis
755 1385 858 1426 iram
890 1388 1023 1443 fugae,
1051 1393 1161 1433 missi
1191 1410 1240 1435 eo
1267 1398 1317 1437 ab
1347 1411 1493 1442 senatu

106 1428 280 1472 fuerant.
357 1434 406 1474 C.
432 1435 722 1481 Aurunculeio
763 1443 934 1484 caedem
976 1447 1019 1486 in
1063 1448 1254 1492 Sardinia
1294 1453 1490 1510 legiones,

105 1487 256 1540 quibus
288 1488 334 1529 P.
359 1489 545 1533 Manlius
574 1494 705 1537 Vulso
734 1513 824 1539 eam
855 1503 1111 1555 provinciam
1143 1508 1391 1561 obtinuerat,
1419 1514 1492 1555 de-

74 1552 253 1585 6cretae.
317 1546 364 1587 P.
387 1547 584 1604 Sulpicio,
608 1553 754 1594 eadem
783 1555 948 1610 legione
977 1561 1209 1618 eademque
1239 1566 1366 1608 classe
1395 1569 1492 1612 Ma-

104 1599 320 1642 cedoniam
351 1604 537 1647 obtinere
560 1608 680 1658 iusso,
703 1623 970 1668 prorogatum
999 1617 1042 1657 in
1071 1634 1227 1661 annum
1253 1623 1487 1679 imperium.

104 1655 298 1712 Triginta
319 1661 641 1716 quinqueremes
662 1681 715 1707 ex
739 1667 879 1710 Sicilia
905 1671 1136 1716 Tarentum
1162 1677 1215 1718 ad
1240 1679 1293 1727 Q.
1314 1681 1489 1724 Fabium

102 1714 317 1755 consulem
338 1717 447 1758 mitti
470 1719 626 1762 iussae:
660 1732 797 1766 cetera
818 1726 944 1769 classe
967 1732 1211 1785 praedatum
1233 1736 1277 1776 in
1300 1738 1487 1781 Africam

101 1777 172 1809 aut
200 1770 336 1825 ipsum
363 1773 424 1814 M.
446 1774 663 1819 Valerium
696 1780 929 1825 Laevinum
962 1788 1172 1839 traiicere3
1206 1802 1278 1834 aut
1308 1796 1485 1846 mittere,

99 1839 173 1866 seu
214 1826 264 1868 L.
287 1828 497 1881 Cincium,
534 1849 607 1875 seu
648 1836 710 1877 M.
731 1838 946 1882 Valerium
984 1843 1235 1889 Messallam.
1299 1851 1392 1893 Nec
1433 1854 1485 1895 de

100 1880 306 1939 Hispania
327 1887 551 1944 quicquam
573 1902 791 1944 mutatum,
814 1897 893 1937 nisi
915 1901 1029 1954 quod
1048 1917 1133 1943 non
1150 1905 1194 1944 in
1216 1921 1372 1949 annum
1397 1909 1484 1951 Sci-

97 1939 213 1994 pioni
245 1941 484 2000 Silanoque,
507 1948 581 1988 sed
601 1949 734 1991 donec
762 1957 942 1995 revocati
971 1958 1021 1998 ab
1047 1970 1194 2002 senatu
1218 1963 1366 2014 forent,
1389 1982 1484 2021 pro-

97 2006 285 2050 rogatum
316 2000 537 2055 imperium
569 2014 642 2045 est.
706 2007 770 2048 Ita
795 2011 1031 2064 provinciae
1062 2018 1407 2076 exercituumque
1437 2025 1483 2064 in

97 2064 193 2092 eum
216 2068 372 2095 annum
394 2060 543 2112 partita
564 2061 748 2116 imperia.

154 2108 271 2150 Inter
310 2113 511 2155 maiorum
551 2131 689 2158 rerum
729 2135 846 2161 curas
878 2125 1045 2166 comitia
1078 2130 1248 2171 maximi
1284 2134 1478 2185 curionis,
1571 2142 1608 2179 8.

96 2178 226 2219 quum
248 2167 291 2207 in
313 2167 451 2210 locum
477 2171 538 2213 M.
558 2174 732 2215 Aemilii
761 2179 949 2220 sacerdos
978 2194 1197 2235 crearetur,
1219 2199 1338 2230 vetus
1366 2193 1479 2232 exci-

96 2229 288 2264 taverunt
308 2235 543 2278 certamen3
576 2232 759 2285 patriciis
780 2237 1029 2290 negantibus
1054 2239 1102 2280 C.
1124 2241 1304 2285 Mamilii
1326 2247 1476 2299 Vituli,
1492 2263 1529 2293 C.
1543 2264 1661 2294 Mami-

95 2277 168 2331 qui
195 2293 303 2320 unus
330 2296 383 2322 ex
410 2283 530 2338 plebe
556 2289 738 2342 petebat,
765 2290 1000 2335 habendam
1027 2297 1230 2340 rationem
1257 2316 1357 2352 esse,
1381 2306 1478 2360 quia
1491 2305 1552 2335 lius
1565 2307 1687 2345 primus

519 2342 526 2349 .
554 2343 562 2350 .
765 2347 773 2354 .
893 2350 901 2357 .
1147 2355 1154 2362 .
1368 2361 1376 2367 ·
1490 2356 1529 2376 ex
1546 2349 1641 2385 plebe

93 2347 219 2375 nemo
241 2345 335 2377 ante
358 2353 468 2388 eum,
485 2356 565 2383 n1S1
586 2358 638 2384 ex
661 2345 867 2397 Patribus,
891 2350 935 2390 id
955 2353 1231 2396 sacerdotium
1253 2358 1473 2402 habuisset.
1488 2390 1648 2421 maximus

1488 2431 1586 2463 curio.

135 2486 154 2512 4
178 2477 214 2507 L.
238 2478 386 2508 Veturius
401 2481 440 2510 ab
457 2481 490 2511 C.
506 2484 669 2522 Laetorio]
698 2487 760 2516 Pro
847 2489 866 2519 6
889 2492 928 2521 P.
946 2493 1104 2532 Sulpicio]
1147 2497 1254 2532 Quem
1279 2510 1363 2539 supr.
1386 2505 1473 2536 xxvi.

92 2517 128 2546 L.
153 2518 313 2556 Veturius,
336 2522 422 2558 quod
447 2522 580 2562 Pighius
607 2528 760 2565 reposuit,
806 2531 854 2561 28.
876 2534 1052 2565 exercitum
1074 2546 1201 2568 omnem
1226 2548 1351 2578 praeter
1373 2546 1474 2577 socios

92 2558 217 2589 codices
239 2561 274 2590 C.
291 2563 450 2593 Hostilius
473 2574 548 2602 prae
572 2576 605 2596 se
631 2570 756 2600 ferunt:
804 2572 965 2604 dimittere
987 2575 1105 2607 iussum
1130 2580 1226 2611 fuisse
1248 2584 1474 2619 animadvertit

92 2600 146 2629 sed
171 2600 277 2639 Pighii
303 2604 485 2635 coniectura
510 2606 557 2643 iis,
581 2618 662 2646 quae
688 2610 757 2641 infr.
805 2613 946 2653 Pighius.
992 2617 1092 2656 Hine,
1108 2630 1218 2659 quum,
1233 2632 1399 2666 prorogato
1415 2629 1472 2660 im-

96 2650 141 2671 10.
159 2645 189 2671 et
207 2652 254 2674 22.
279 2651 506 2685 memorantur,
525 2651 688 2687 praeclare
709 2653 758 2682 fir-
803 2656 902 2693 perio,
921 2658 992 2689 infr.
1012 2669 1061 2697 22,
1084 2663 1174 2693 nulla
1198 2665 1329 2705 legionis
1351 2672 1472 2702 mentio

91 2687 206 2714 matur.
802 2697 886 2727 faeta
916 2699 967 2737 sit,
995 2703 1044 2732 vei
1077 2702 1206 2736 Livium
1237 2708 1471 2744 hallucinatum

139 2735 156 2764 5
183 2727 351 2758 Praetoris
366 2730 424 2760 Gn.
440 2732 568 2771 Fulvii]
609 2734 759 2767 Triennio
803 2749 882 2776 esse,
899 2742 949 2771 vel
965 2742 1108 2776 librarios
1124 2757 1271 2786 peccasse
1290 2752 1472 2786 Perizonius

90 2769 165 2797 ante
182 2767 263 2798 circa
281 2770 487 2803 Herdoneam
511 2775 551 2804 ab
574 2776 759 2809 Hannibale
804 2781 948 2813 coniecit.

92 2807 176 2837 victi.
203 2811 241 2840 cf.
258 2821 342 2850 supr.
360 2823 432 2844 xxv.
452 2825 500 2845 21.
