1871 3178
526 119 651 161 LIB.
684 120 852 162 XXVI.
898 122 1044 164 CAP.
1082 128 1118 164 9.
1435 131 1513 170 291

193 203 419 255 Hannibal,
457 223 542 263 quo
575 209 643 250 dic
681 210 937 251 Vulturnum
977 219 1039 251 est
1080 220 1365 267 transgressus,
1403 216 1717 264 hau‹ln.c.541.

133 263 275 325 procul
305 279 329 303 a
349 264 520 306 flumine
546 275 678 307 castra
701 268 848 322 posuit.
912 268 1084 308 Postero
1112 269 1179 309 die
1206 280 1369 325 practer
1393 273 1514 314 (lales
1530 268 1567 297 A.
1591 269 1630 334 ((
1648 277 1719 299 ²¹¹·

132 333 177 358 ln
198 334 341 373 agrum
373 322 602 363 Sidicinum
626 325 825 379 pervenit.
893 324 951 365 Ibi
973 325 1084 365 diem
1114 342 1244 366 unum
1273 329 1514 383 populando

100 386 326 425 ssmoratus,
377 394 451 433 per
507 380 757 422 Suessanum
810 381 1122 437 Allifanumque
1178 393 1219 424 et
1274 385 1514 428 Casinatem

131 447 274 488 agrum
292 436 356 475 via
379 436 529 476 Latina
544 437 670 479 ducit.
736 439 822 479 Sub
847 438 1048 479 Casinum
1068 440 1195 481 biduo
1212 442 1358 483 stativa
1373 444 1514 485 habita

131 499 171 530 et
193 492 342 546 passim
371 494 660 548 populationes
684 495 826 536 factae.
890 495 1009 545 Inde,
1033 507 1200 552 praeter
1231 498 1511 541 Interamnam

132 547 449 604 Aquinumque,
488 551 529 590 in
568 551 856 605 1⁴'1·egellanum
891 568 1034 608 agrum
1076 555 1128 595 ad
1170 555 1301 596 Lirim
1338 558 1511 599 fluvium

130 614 327 646 ventum:
372 607 441 647 ubi
479 607 717 649 intercisum
754 618 924 665 pontem
962 626 985 651 a
1026 611 1279 667 Fregellanis
1322 616 1511 656 morandi

129 661 288 703 itineris
328 679 449 704 causa
488 665 657 706 invenit.
722 665 778 707 Et
819 666 1010 707 Fulvium
1047 668 1282 710 Vulturnus
1322 680 1512 714 tenuerat

96 735 116 765 9
130 720 273 769 amnis,
292 721 463 761 navibus
480 722 530 762 ab
550 721 787 764 Hannibale
809 725 1001 774 incensis,
1016 735 1123 767 rates
1145 727 1197 768 ad
1219 728 1510 770 traiiciendum

129 777 370 826 exereitum,
393 778 435 817 in
464 793 612 834 magna
638 780 778 836 inopia
805 782 1014 830 materiae,
1037 798 1157 839 aegre
1186 796 1506 840 comparantem.

130 833 321 874 Traiecto
346 835 500 875 ratibus
521 837 720 886 exercitu,
745 838 953 894 reliquum
984 840 1129 882 Fulvio
1151 842 1394 897 expeditum
1417 844 1508 893 iter,

127 905 211 930 non
252 906 327 946 per
366 892 487 933 urbes
521 893 657 942 modo,
692 895 765 936 sed
797 896 904 937 eirca
936 897 1057 947 viam,
1093 900 1292 954 expositis
1327 901 1508 955 benigne

126 948 436 999 commeatibus,
459 959 569 991 erat:
603 951 839 1008 alacresque
857 953 1009 995 milites
1029 955 1132 996 alins
1153 956 1292 1005 alium,
1315 967 1361 998 ut
1382 958 1510 999 adde-

125 1013 188 1045 ret
219 1005 407 1059 gradum,
445 1022 605 1048 memor
635 1009 687 1049 ad
718 1010 1025 1052 defendendam
1058 1012 1117 1053 ire
1150 1014 1337 1068 patriam,
1370 1015 1509 1056 horta·-

125 1061 286 1103 bantur.
350 1063 529 1105 Romam
570 1065 838 1121 Fregellanus
878 1070 1061 1118 nuntius,
1101 1070 1213 1111 diem
1254 1081 1506 1127 noctemque

125 1118 273 1160 itinere
295 1121 550 1171 continuato,
573 1123 786 1178 ingentem
815 1125 953 1165 attulit
981 1135 1190 1167 terrorem.
1254 1128 1507 1170 Tumultuo-

125 1176 221 1224 sius,
240 1192 363 1231 quam
381 1178 551 1219 allatum
568 1189 668 1229 crat,
686 1196 830 1221 cursus
850 1182 1080 1232 hominum,
1098 1185 1383 1239 affingentium
1402 1202 1508 1228 vana

125 1232 290 1282 auditis,
313 1243 441 1274 totam
470 1236 615 1276 urbem
644 1238 888 1279 conciverat.
951 1239 1142 1281 Ploratus
1171 1242 1392 1283 mulierum
1422 1259 1506 1285 non
1520 1258 1694 1290 Tumultus

125 1304 178 1330 cx
199 1290 366 1345 privatis
387 1292 519 1332 solum
541 1293 732 1334 domibus
760 1296 1084 1345 exaudiebatur3
1118 1298 1190 1338 sed
1212 1299 1398 1355 undique
1420 1317 1504 1342 ma-
1519 1301 1656 1333 Romae.

124 1355 280 1397 tronac,
303 1348 346 1388 in
368 1349 580 1404 publiemn
602 1351 768 1400 effusae,
791 1353 899 1393 eirca
919 1353 1044 1394 deum
1066 1354 1239 1396 delubra
1255 1356 1504 1409 discurrunt,

123 1404 307 1445 crinibus
327 1406 455 1461 passis
476 1422 563 1447 aras
583 1418 805 1458 verrentes,
828 1410 939 1451 nisae
960 1411 1148 1466 genibuS,
1172 1414 1338 1468 supinas
1360 1430 1506 1457 manus

124 1460 176 1502 ad
190 1461 350 1503 coelum
366 1478 412 1504 ac
425 1463 524 1504 deos
538 1465 769 1515 tendentes,
781 1476 1038 1523 orantesque,
1050 1477 1097 1508 ut
1109 1469 1253 1509 urbem
1270 1470 1505 1513 Romanam

124 1533 147 1559 e
164 1519 354 1560 manibus
367 1520 545 1561 hostium
564 1522 790 1577 eriperent3
824 1533 1056 1580 matresque
1076 1525 1286 1567 Romanas
1300 1537 1341 1568 et
1355 1528 1505 1570 liberos

123 1590 270 1631 parvos
290 1577 507 1618 inviolatos
535 1588 755 1620 servarent.
820 1580 996 1622 Senatus
1024 1583 1330 1637 magistratibus
1350 1586 1394 1625 in
1414 1587 1503 1628 foro

124 1643 286 1688 praesto
307 1643 381 1683 est,
404 1635 437 1674 si
458 1635 561 1690 quid
589 1636 802 1678 consulere
824 1638 965 1679 velint.
1028 1639 1117 1679 Alii
1142 1641 1351 1696 accipiunt
1372 1643 1505 1699 impe-

124 1690 195 1738 ria,
227 1690 529 1747 disceduntque
561 1692 614 1732 ad
649 1708 740 1734 suas
771 1695 946 1750 quisque
978 1696 1206 1737 officiorum
1237 1708 1395 1754 partes:
1434 1701 1503 1742 alii

124 1747 303 1788 offerunt
333 1762 388 1797 se,
415 1749 447 1789 si
476 1764 560 1804 quo
587 1765 685 1790 usus
712 1766 859 1807 operae
888 1752 951 1793 sit.
1013 1753 1225 1795 Praesidia
1254 1755 1298 1796 in
1326 1772 1431 1806 aree,
1458 1759 1503 1798 in

126 1801 350 1859 Capitolio,
378 1805 424 1845 in
451 1807 592 1856 muris,
615 1807 723 1848 circa
750 1809 909 1859 urbem,
938 1810 982 1850 in
1009 1820 1151 1852 monte
1179 1812 1305 1853 etiam
1334 1814 1502 1856 Albano

121 1869 246 1916 atque
269 1877 360 1903 arce
383 1862 594 1904 Aesulana
614 1874 839 1920 ponuntur.
902 1866 1018 1908 Inter
1038 1868 1151 1909 hunc
1179 1870 1418 1922 tumultum,
1445 1872 1499 1920 Q.

122 1917 317 1959 Fulvium
352 1921 642 1975 proconsulem
677 1923 910 1978 profectum
944 1940 1040 1965 cum
1073 1926 1260 1967 exercitu
1295 1943 1319 1968 a
1354 1928 1502 1985 Capua

95 1997 107 2017 1
122 1975 315 2025 affertur3
347 1977 414 2017 cui
435 1992 488 2018 ne
509 1979 766 2020 minueretur
782 1981 1013 2036 imperium,
1032 1982 1065 2022 si
1085 1983 1129 2022 in
1145 1984 1291 2024 urbem
1306 1986 1500 2036 venisset,

121 2031 310 2074 decernit
330 2043 509 2084 senatus,
526 2044 573 2076 ut
593 2036 645 2084 Q..
663 2036 809 2078 Fulvio
826 2053 900 2093 par
914 2054 1010 2079 cum
1026 2040 1262 2081 consulibus
1278 2042 1501 2097 imperium

122 2098 239 2129 esset.
313 2090 539 2142 Hannibal,
580 2093 768 2134 infestius
807 2095 1079 2151 perpopulato
1119 2112 1216 2152 agro
1257 2097 1500 2153 Fregellano

122 2154 292 2201 propter
311 2147 524 2190 intercisos
544 2159 704 2205 ponteS,
725 2166 801 2207 per
822 2152 1080 2193 Frusinatem
1106 2153 1499 2212 Ferentinatemque

123 2211 166 2242 et
187 2204 459 2259 Anagninum
488 2221 631 2262 agrum
660 2207 704 2248 in
735 2208 991 2250 Lavieanum
1018 2210 1143 2251 venit.
1207 2210 1313 2252 Inde
1341 2213 1499 2269 Algido

124 2259 355 2301 Tusculum
381 2263 524 2317 petiit:
558 2279 635 2305 nec
659 2274 849 2321 receptus
879 2267 1108 2316 moenibus,
1134 2268 1240 2308 infra
1268 2269 1499 2311 Tusculum

93 2316 361 2358 2dextr0rsus
384 2318 540 2361 Gabios
566 2321 793 2363 descendit.
855 2322 960 2364 Inde
989 2324 1033 2365 in
1061 2324 1284 2380 Pupiniam
1312 2328 1499 2368 exercitu

123 2471 371 2510 uniuscuiusque
391 2473 476 2503 urbis
492 2473 576 2503 cives
595 2484 684 2504 suam
708 2485 787 2505 rem-

124 2514 286 2554 publicam
304 2525 359 2553 per
381 2524 414 2544 se
437 2515 497 2554 ipsi
520 2521 664 2546 tenerent
684 2528 721 2546 ac
740 2522 788 2547 tu-

124 2556 183 2586 tari
200 2561 336 2595 possent.
361 2557 465 2587 Cmsv.

166 2599 185 2629 8
208 2600 276 2629 Per
300 2600 511 2637 Suessanum]
547 2600 598 2630 Ita
621 2600 789 2631 Cluverius

124 2650 181 2680 pro
198 2641 282 2679 vulg.
298 2642 489 2672 Suessulam.
534 2642 648 2672 Suessa
663 2644 788 2672 Aurun-

124 2694 162 2713 ca
185 2687 230 2713 est
253 2683 343 2712 iuxta
365 2683 512 2713 Latinam
530 2684 625 2721 viam,
642 2685 787 2723 paullum

123 2726 208 2755 ultra
231 2725 385 2765 oppidum
401 2726 496 2756 Cales
512 2726 650 2756 Romam
673 2737 787 2757 versus.

124 2768 243 2798 Allifae
259 2772 348 2798 erant
363 2768 492 2806 quidem
509 2769 549 2798 ad
566 2769 690 2798 laevam
711 2769 787 2799 Vul-

124 2810 229 2840 turni:
255 2811 309 2840 sed
324 2810 454 2840 fortasse
476 2821 551 2849 ager
566 2811 726 2841 Allifanus
748 2812 788 2842 ad

125 2852 269 2882 dextram
292 2862 418 2891 quoque
441 2853 542 2891 ripam
570 2855 788 2892 pertendebat.

832 2481 867 2506 ut
884 2477 1022 2508 Crevier.
1038 2483 1156 2509 monet.

874 2529 892 2558 9
916 2521 1014 2550 Ii’ates
1028 2522 1071 2549 ad
1085 2522 1325 2560 lraiieiendum]
1349 2523 1499 2563 Intellige

831 2560 989 2599 tignorum
1012 2561 1094 2591 inter
1116 2573 1149 2593 se
1171 2563 1351 2594 iunctorum
1376 2566 1498 2598 seriem.

834 2602 942 2632 DOER.

879 2654 890 2673 1
918 2645 978 2674 Cea·
1004 2656 1044 2676 ηε
1069 2647 1284 2685 minueretur]
1323 2649 1497 2681 Proconsu-

833 2686 895 2716 lem
920 2686 1003 2716 enim
1028 2698 1103 2725 non,
1118 2689 1177 2719 nisi
1194 2695 1282 2719 extra
1301 2693 1424 2730 urbem,
1440 2694 1497 2723 im-

833 2728 955 2767 perium
971 2729 1118 2760 habuisse
1133 2737 1240 2762 monet
1258 2733 1362 2772 Sigon.

876 2780 891 2801 2
910 2773 950 2801 In
961 2773 1156 2811 Pupiniam]
1176 2774 1310 2814 Supple,
1326 2777 1497 2816 regionem.

833 2823 874 2842 sc.
901 2812 933 2843 in
963 2824 1072 2853 agrum
1104 2816 1263 2855 Pupiniae
1294 2818 1403 2855 tribus,
1433 2820 1497 2849 sive

834 2855 1071 2895 Pupiniensern.
1122 2858 1246 2889 Eodem
1277 2861 1373 2898 plane
1402 2863 1497 2891 modo

1224 2914 1251 2940 t·
1274 2905 1297 2941 2
