1877 3178
375 88 459 127 476
884 94 1031 136 ΤΙΤΙ
1068 97 1247 139 LIVII

171 177 214 208 U.
232 177 269 208 C.
291 175 646 217 548.‘eonferendi
678 178 816 228 fuisse,
849 180 966 236 inopi
1001 185 1172 234 aerario,
1206 201 1285 227 nec
1314 188 1434 243 plebe
1469 193 1523 233 ad
1554 195 1790 241 tributum7

167 219 208 249 A.
231 219 269 251 Ο·
292 229 362 259 ²04·
377 235 388 253 ‘
403 231 662 274 sufficiente.’
722 235 853 277 Grata
880 252 928 278 ea
951 238 1143 281 Patribus
1168 242 1396 286 admonitio
1417 246 1519 288 fuit:
1552 249 1754 307 iussisque

373 287 525 329 referre
556 290 806 341 consulibus,
829 293 1116 346 decreverunt,
1151 304 1163 322 ‘
1178 308 1225 339 ut
1252 301 1382 342 tribus
1410 305 1678 358 pensionibus
1706 324 1755 350 ea

375 348 387 366 ‘
402 345 582 398 pecunia
601 347 850 389 solveretur:
875 351 1049 405 primam
1067 365 1326 408 praesentem
1347 358 1389 407 ii,
1407 361 1480 414 qui
1497 369 1587 402 tum
1603 373 1751 414 essent,

375 405 386 422 ‘
402 399 504 441 duas
526 403 635 442 tertii
657 412 699 444 et
720 405 855 459 quinti
878 409 1065 449 consules
1087 416 1381 455 numerarent.’

432 456 590 499 Omnes
612 459 765 502 deinde
794 463 892 503 alias
920 480 1037 506 curas
1067 482 1150 508 una
1174 471 1403 524 occupavit,
1426 482 1645 529 postquam
1667 476 1752 517 Lo-

370 514 578 554 crensium
607 516 756 566 clades,
779 534 885 574 quae
915 521 1126 575 ignoratae
1158 525 1211 565 ad
1241 541 1331 566 eam
1358 527 1468 568 diem
1494 530 1668 580 fuerant,
1691 533 1750 573 le-

368 577 558 623 gatorum
599 573 781 615 adventu
817 576 1005 632 vulgatae
1047 590 1154 621 sunt.
1218 582 1312 623 Nec
1352 593 1433 624 tam
1476 587 1528 634 Q.
1553 587 1749 630 Pleminii

368 626 513 675 scelus,
543 643 668 683 quam
702 631 906 686 Scipionis
937 635 980 674 in
1011 651 1059 675 eo
1091 646 1162 678 aut
1192 640 1363 680 ambitio
1394 650 1465 682 aut
1494 644 1779 699 negligentiaS

160 683 298 732 Locren·
367 681 446 722 iras
477 683 694 726 hommum
726 688 909 730 irritavit.
973 691 1132 733 Decem
1166 694 1290 749 legati
1317 696 1602 749 Locrensium,
1625 702 1747 743 obsiti

157 736 241 798 {lium
257 728 341 768 lega·
366 739 555 792 squalore
578 750 619 782 et
640 744 839 794 sordibus,
863 746 906 786 in
928 749 1096 789 comitio
1117 751 1358 793 sedentibus
1379 756 1616 797 consulibus
1636 758 1746 799 vela-

183 791 193 800 ”
364 804 505 836 menta
532 799 778 853 supplicum,
801 817 935 843 ramos
963 804 1077 846 oleae
1099 806 1166 860 (ut
1189 807 1360 850 Graecis
1390 826 1477 852 mos
1505 813 1586 866 est)
1613 816 1746 869 porri-

362 860 521 906 gentes,
543 864 639 895 ante
662 857 841 898 tribunal
870 874 965 899 cum
986 862 1113 902 fiebili
1134 865 1427 907 vociferatione
1456 868 1574 909 humi
1594 885 1745 925 procu-

363 908 554 949 buerunt.
592 910 901 958 Quaerentibus
914 918 1164 968 consulibus,
1189 921 1437 964 ‘Locrenses
1451 926 1519 973 se,’
1532 926 1741 977 dixerunt,

363 968 375 985 ⁶
391 979 491 1012 esse,
510 980 558 1005 ea
578 981 716 1020 passos
737 984 760 1009 a
780 969 831 1016 Q.
850 970 1056 1013 Pleminio
1073 974 1208 1029 legato
1228 977 1512 1035 Romanisque
1529 983 1739 1033 militibus,

363 1024 497 1073 ‘quac
528 1023 615 1076 pati
645 1038 697 1063 ne
729 1026 1093 1082 Carthaginienses
1122 1033 1292 1086 quidem
1323 1035 1423 1075 velit
1450 1038 1627 1092 populus
1654 1040 1741 1081 Ro-

362 1081 544 1117 ς1113111118.
609 1079 787 1135 Rogare,
815 1083 875 1123 uti
906 1084 983 1125 sibi
1015 1086 1158 1127 Patres
1189 1089 1384 1139 adeundi,
1408 1092 1738 1151 deplorandique

217 1129 280 1170 17.
361 1136 373 1154 ‘
388 1147 604 1175 aerumnas
620 1150 713 1177 suas
729 1147 976 1192 potestatem
991 1142 1198 1185 facerent.'
1240 1145 1394 1188 Senatu
1409 1148 1519 1198 dato,
1535 1152 1739 1194 maximus

148 1183 303 1258 figffgssde
358 1197 460 1229 natu
490 1206 543 1230 ex
573 1192 648 1232 iis:
684 1199 696 1217 ‘
715 1194 822 1244 Scio,
856 1199 1001 1251 quanti
1031 1201 1302 1242 aestimentur
1331 1214 1493 1246 nostrae
1525 1208 1636 1262 apud
1666 1223 1769 1254 vos9

148 1268 344 1305 plorantium
359 1249 371 1267 ‘
386 1247 592 1299 querelae,
612 1248 755 1290 Patres
776 1254 1011 1309 conscripti,
1030 1256 1254 1311 plurimum
1276 1260 1319 1299 in
1341 1276 1390 1301 eo
1412 1265 1613 1304 momenti
1635 1280 1735 1316 esse,

146 1309 289 1342 fortunas
358 1303 370 1324 ‘
385 1302 418 1341 si
445 1304 572 1357 probe
599 1306 746 1355 sciatis,
770 1317 812 1348 et
833 1311 1043 1364 quomodo
1068 1314 1219 1368 proditi
1243 1316 1367 1356 Locri
1391 1317 1618 1361 Hannibali
1639 1322 1734 1372 sint,

145 1360 227 1383 suas.
356 1362 425 1398 ‘et
455 1362 679 1414 quomodo,
711 1364 830 1418 pulso
863 1365 1111 1410 Hannibalis
1142 1372 1359 1426 praesidio,
1391 1376 1569 1416 restituti
1596 1377 1640 1418 in
1672 1379 1736 1419 di-

355 1419 366 1437 ‘
383 1415 539 1456 tionem
560 1428 748 1460 vestram.
815 1421 984 1478 Quippe
1011 1425 1043 1464 si
1070 1435 1111 1466 et
1131 1427 1254 1483 culpa
1274 1429 1518 1472 defectionis
1542 1435 1686 1488 procul
1710 1451 1735 1476 a

353 1472 548 1525 ‘publico
589 1476 761 1517 consilio
801 1479 917 1527 absit,
955 1489 996 1520 ct
1029 1482 1209 1524 reditum
1243 1485 1286 1524 in
1318 1496 1495 1528 vestram
1529 1490 1731 1532 ditionem

352 1532 364 1549 ‘
379 1538 587 1582 appareat,
612 1547 695 1572 non
720 1533 932 1576 voluntate
964 1537 1109 1587 solum,
1136 1541 1210 1581 scd
1240 1557 1317 1596 ope
1349 1544 1474 1584 etiam
1504 1561 1550 1586 ae
1578 1547 1729 1589 virtute

351 1588 542 1633 ‘nostra3
576 1589 705 1642 magis
735 1590 1024 1645 indignemini,
1047 1595 1166 1636 bonis
1197 1613 1243 1638 ac
1272 1599 1464 1640 fidelibus
1494 1603 1613 1643 sociis
1644 1612 1728 1645 tam

350 1644 363 1662 ‘
378 1647 535 1680 atroces
557 1650 681 1697 atque
710 1645 901 1701 indignas
928 1650 1098 1692 iniurias
1125 1654 1176 1693 ab
1197 1654 1333 1709 legato
1354 1666 1488 1697 vestro
1510 1659 1728 1701 militibus-

350 1700 361 1717 ‘
377 1710 458 1749 que
480 1697 580 1737 fieri.
647 1700 729 1739 Sed
760 1717 837 1756 ego
862 1720 1026 1746 causam
1053 1709 1267 1764 utriusque
1294 1712 1537 1754 defectionis
1563 1725 1724 1758 nostrae
1743 1733 1754 1753 1

348 1751 419 1790 ‘in
441 1752 553 1793 aliud
583 1763 744 1810 tempus
772 1759 1044 1801 differendam
1072 1766 1246 1806 arbitror
1266 1783 1366 1817 esse,
1389 1769 1564 1810 duarum
1586 1786 1724 1813 rerum

348 1809 529 1861 ‘gratiaz
564 1812 698 1860 unius,
726 1823 771 1853 ut
801 1830 937 1856 eoram
970 1817 1015 1857 P.
1039 1818 1244 1874 Scipione,
1268 1824 1340 1877 qui
1366 1824 1523 1866 Locros
1553 1829 1721 1883 recepit,

347 1869 359 1886 ‘
374 1865 561 1905 omnium
583 1868 702 1908 nobis
723 1880 832 1911 recte
855 1887 1154 1930 perperamque
1176 1877 1378 1919 factorum
1400 1882 1526 1931 testiS,
1550 1894 1719 1938 agatur3

345 1919 553 1970 ‘alterius,
588 1925 714 1977 quod,
749 1928 1059 1984 qualescunque
1095 1948 1248 1983 sumus,
1286 1944 1426 1976 tamen
1461 1938 1575 1988 haec,
1613 1956 1720 1995 quae

345 1977 477 2030 ‘passi
515 1993 668 2028 sumus,
706 1983 792 2035 pati
828 1998 913 2024 non
948 1986 1180 2029 debuimus.
1245 1991 1346 2032 Non
1386 2008 1603 2047 possumus
1638 1997 1721 2038 dis-

344 2032 576 2084 ‘simulare,
611 2036 754 2077 Patres
790 2042 1024 2097 conscripti,
1060 2059 1147 2094 nos,
1182 2062 1311 2101 quum
1352 2051 1603 2104 praesidium
1635 2053 1720 2094 Pu-

342 2094 354 2111 ‘
369 2089 509 2129 nicum
536 2091 579 2131 in
607 2107 698 2133 arce
728 2104 867 2136 nostra
894 2098 1151 2150 haberemus,
1174 2104 1305 2144 multa
1324 2105 1446 2146 foeda
1471 2116 1513 2148 et
1533 2108 1716 2164 indigna,

340 2150 351 2168 ⁶
368 2153 409 2184 et
429 2161 453 2185 a
473 2148 680 2201 praefecto
702 2153 891 2204 praesidii
914 2154 1165 2207 Hamilcare,
1183 2168 1224 2199 et
1241 2161 1290 2200 ab
1310 2161 1506 2203 Numidis
1521 2164 1717 2221 Afrisque

339 2206 505 2255 ‘passos
537 2219 635 2244 esse.
701 2207 784 2247 Sed
817 2210 919 2263 quid
952 2211 1022 2253 illa
1056 2223 1166 2264 sunt,
1201 2216 1349 2257 collata
1383 2233 1478 2260 cum
1513 2221 1575 2270 iis,
1609 2238 1716 2277 quae

380 2339 397 2370 7
420 2335 515 2372 Inopi
552 2335 695 2374 aerario]
738 2337 843 2367 Proba
880 2339 997 2371 lectio:

334 2383 430 2411 quam
446 2379 554 2405 tamen
570 2379 742 2407 auctoritas
761 2389 827 2409 mss.
845 2381 998 2413 destituit.

336 2416 457 2446 Omnes
499 2418 583 2447 enim
626 2421 755 2458 inopiae
798 2423 847 2451 vel
890 2425 1000 2462 inopia

334 2460 464 2488 aerarii.
489 2459 594 2490 CREv.

374 2499 393 2528 8
416 2502 571 2540 Ambitio]
603 2503 741 2532 Pravum
766 2505 936 2544 colligendi
958 2518 998 2537 ex

332 2539 431 2570 nimia
462 2542 662 2582 indulgentia
690 2546 805 2576 favoris
835 2549 995 2579 studium:

332 2583 381 2610 vel
413 2593 587 2622 propensus
615 2586 647 2615 in
678 2589 873 2625 potentiores
899 2590 997 2622 favor.

332 2623 436 2654 szv.

372 2674 391 2703 9
414 2667 495 2701 Scio,
522 2671 634 2707 quanti
664 2672 886 2711 aestimentur]
923 2674 994 2704 Scio

330 2705 504 2742 plurimum
531 2712 696 2747 momenti,
723 2714 764 2743 ad
790 2716 995 2746 statuendum

330 2748 439 2783 quanti
476 2751 643 2782 aestimare
676 2755 818 2785 debeatis
851 2759 996 2795 querelas

330 2791 461 2826 nostras,
478 2790 509 2820 in
525 2802 562 2822 eo
578 2804 656 2831 esse,
672 2796 695 2824 si
712 2798 811 2834 probe
827 2799 933 2829 sciatis
948 2823 956 2832 .
967 2824 974 2833 .
986 2824 993 2833 .

1045 2343 1121 2378 sive,
1152 2344 1227 2381 seio,
1260 2346 1292 2376 id
1330 2349 1418 2378 velut
1456 2351 1592 2388 pretium
1628 2355 1713 2392 quod

1044 2385 1159 2416 dicturi
1190 2388 1265 2417 estis
1294 2391 1431 2427 querelis
1461 2393 1584 2430 nostris,
1614 2396 1711 2433 pluri-

1044 2436 1132 2456 mum
1154 2430 1294 2467 pendere
1310 2441 1349 2461 ex
1366 2442 1415 2469 eo,
1430 2433 1454 2462 si
1476 2436 1574 2472 probe
1595 2437 1710 2469 sciatis.

1045 2469 1149 2500 CRssv.

1088 2521 1099 2540 1
1128 2513 1265 2542 Causam
1291 2537 1298 2544 .
1315 2538 1323 2544 .
1339 2537 1347 2544 .
1372 2517 1597 2558 diff-brendam]
1631 2520 1664 2550 N
1668 2531 1708 2550 on

1042 2551 1137 2582 hodie
1162 2564 1218 2584 nos
1243 2555 1358 2586 debere
1382 2558 1486 2588 dicere
1510 2560 1550 2589 de
1574 2564 1708 2600 utraque

1042 2594 1221 2625 defectione
1246 2601 1363 2634 nostra,
1390 2603 1421 2628 ct
1445 2610 1540 2639 super
1566 2602 1625 2632 hoc
1653 2614 1705 2633 ne-

1040 2636 1126 2673 gotio
1150 2647 1277 2667 causam
1301 2640 1438 2670 civitatis
1458 2646 1583 2673 nostrae
1603 2654 1705 2683 agere.

1041 2678 1146 2707 Causa
1172 2690 1235 2709 11011
1260 2684 1307 2709 est
1330 2681 1381 2711 hie
1404 2683 1436 2712 id
1459 2693 1478 2713 a
1499 2694 1560 2722 quo
1583 2686 1705 2724 aliquid

1039 2720 1236 2758 producitur,
1260 2723 1313 2751 sed
1337 2733 1394 2761 pro
1416 2726 1555 2764 negotio,
1571 2727 1638 2764 lite,
1653 2738 1703 2758 ac-

1039 2761 1102 2799 cipi
1129 2762 1234 2794 debet.
1280 2764 1367 2795 Hinc
1397 2768 1539 2805 sequitur
1567 2778 1641 2798 mox
1666 2773 1703 2799 ut

1037 2825 1046 2834 .
1063 2826 1070 2834 .
1087 2825 1094 2833 .
1112 2809 1240 2843 ayatur,
1257 2816 1373 2846 nempe
1389 2818 1484 2839 causa
1498 2809 1564 2841 illa.
1588 2810 1693 2841 ΟΜΝ.
