1877 3178
373 92 454 129 456
875 88 1019 129 ΤΙΤΙ
1065 88 1240 129 LIVII

172 187 213 216 U.
232 187 268 216 C.
293 196 364 225 547·
377 177 507 218 arium
529 177 674 226 insula,
698 178 768 218 ubi
790 178 1038 226 hibernarat,
1061 178 1275 218 iuventute
1298 178 1404 218 lecta
1425 179 1467 218 in
1489 178 1656 219 classem
1680 179 1755 218 im-

170 229 207 258 A.
234 229 270 259 C.
295 234 522 289 ²05·posita,
545 234 588 273 in
610 233 771 274 Italiam
799 234 967 289 triginta
993 234 1122 275 ferme
1144 235 1326 275 rostratis
1354 235 1526 275 navibus
1553 244 1595 275 et
1615 234 1757 274 multis

378 290 587 339 onerariis,
624 290 846 331 duodecim
881 290 1010 330 millia
1041 290 1244 345 peditum,
1278 291 1363 331 duo
1397 291 1526 331 ferme
1567 291 1756 345 equitum

380 346 561 387 traiecit:
599 346 891 402 Genuamque,
913 346 1037 387 nullis
1058 347 1274 401 praesidiis
1294 347 1543 387 maritimam
1560 361 1672 387 oram
1693 356 1757 387 tu-

380 403 577 452 tantibus,
594 404 813 458 repentino
835 403 1016 444 adventu
1037 404 1157 458 cepit.
1220 403 1325 444 Inde
1347 403 1399 444 ad
1420 418 1532 444 oram
1555 403 1759 457 Ligurum

381 458 646 514 Alpinorum,
665 460 697 500 si
719 475 824 515 quos
845 460 901 500 ibi
919 468 1055 500 motus
1075 460 1208 500 facere
1230 468 1379 515 posset,
1398 459 1567 500 classem
1584 459 1755 515 appulit.

380 515 559 570 Ingauni
581 515 805 569 (Ligurum
827 531 876 556 ea
895 531 997 571 gens
1025 516 1105 570 est)
1125 516 1282 556 bellum
1304 531 1353 556 ea
1377 525 1621 571 tempestate
1642 531 1757 571 gere-

380 572 482 612 bant
516 587 611 612 eum
654 568 890 627 Epanteriis
926 573 1144 613 montanis.
1205 572 1340 628 Igitur
1378 573 1560 621 Poenus,
1597 571 1758 613 Savone

381 628 534 683 oppido
557 628 715 683 Alpino
735 629 889 684 praeda
908 629 1108 684 deposita,
1131 637 1172 670 et
1194 629 1341 670 decem
1367 628 1502 684 longis
1522 628 1696 669 navibus
1714 628 1759 668 in

380 684 556 724 statione
584 685 636 724 ad
664 685 913 739 praesidium
942 685 1108 735 relictis,
1131 686 1277 726 ceteris
1301 685 1600 740 Carthaginem
1627 684 1761 725 missis

382 740 434 780 ad
466 741 663 781 tuendam
700 742 947 782 maritimam
978 757 1103 790 oram,
1136 743 1235 796 quia
1263 742 1372 783 fama
1401 752 1489 782 erat
1522 741 1759 796 Scipionem

382 796 650 837 traiecturum
691 813 790 846 csse,
828 799 928 852 ipse,
961 798 1155 838 societate
1196 813 1292 838 cum
1333 798 1544 852 Ingaunis,
1582 812 1760 853 quorum

382 853 556 906 gratiam
585 853 776 902 malebat,
799 855 1036 908 composita,
1060 864 1278 895 montanos
1302 855 1483 895 instituit
1504 869 1758 909 oppugnare.

385 909 440 949 Et
479 910 688 949 crescebat
722 910 929 949 exercitus
964 910 1008 949 in
1044 911 1145 959 dies,
1182 911 1235 951 ad
1268 911 1420 951 famam
1456 911 1636 951 nominis
1671 911 1761 951 eius

385 964 518 1004 Gallis
547 965 733 1019 undiquc
759 966 1075 1006 confluentibus.
1139 967 1202 1007 Ea
1232 967 1360 1007 literis
1387 967 1553 1021 cognita
1586 966 1654 1022 Sp.
1674 967 1793 1013 Lu-3.

383 1020 512 1068 eretii,
536 1035 588 1060 ne
616 1021 779 1069 frustra,
804 1021 1066 1062 Hasdrubale
1089 1038 1185 1062 cum
1213 1023 1400 1063 exercitu
1427 1023 1565 1063 deleto
1590 1023 1761 1063 biennio

383 1084 491 1124 ante,
513 1077 650 1116 forent
678 1077 829 1125 laetati,
851 1078 883 1117 si
912 1092 987 1132 par
1007 1078 1120 1118 aliud
1148 1079 1246 1119 inde
1278 1079 1446 1128 bellum,
1470 1079 1576 1120 duce
1598 1088 1760 1120 tantum

383 1141 555 1180 mutato,
593 1133 781 1182 oriretur,
813 1149 954 1173 curam
990 1134 1204 1189 ingentem
1237 1135 1520 1176 accenderunt
1555 1135 1758 1176 Patribus.

384 1188 530 1243 Itaque
552 1197 594 1229 et
623 1189 684 1229 M.
705 1190 871 1230 Livium
894 1191 1182 1244 proconsulem
1204 1207 1256 1232 ex
1287 1191 1453 1232 Etruria
1472 1192 1667 1232 volonum
1690 1207 1761 1232 ex-

382 1245 556 1286 ereitum
598 1246 817 1286 admovere
862 1247 1101 1287 Ariminum
1140 1249 1361 1296 iusserunt,
1403 1256 1445 1288 et
1487 1248 1567 1290 Cn.
1589 1248 1762 1289 Servilio

382 1302 562 1356 praetori
588 1303 804 1356 negotium
832 1303 989 1352 datum,
1013 1312 1072 1352 ut,
1102 1305 1135 1344 si
1160 1320 1182 1345 e
1204 1305 1417 1359 republica
1447 1313 1635 1345 censeret
1659 1320 1760 1354 esse,

383 1358 559 1398 urbanas
580 1358 776 1413 legiones,
799 1359 987 1414 imperio,
1011 1361 1077 1400 cui
1099 1361 1321 1409 videretur,
1340 1361 1450 1409 dato,
1469 1376 1521 1401 cx
1542 1362 1642 1401 urbe
1664 1361 1761 1402 duci

382 1414 555 1454 iuberet.
638 1414 698 1455 M.
724 1415 915 1457 Valerius
958 1416 1166 1458 Laevinus
1207 1418 1423 1458 Arretium
1464 1433 1531 1458 eas
1578 1417 1762 1473 legiones

383 1470 514 1511 duxit.

442 1527 594 1567 lisdem
626 1528 772 1569 diebus
804 1546 927 1570 naves
958 1531 1162 1571 onerarias
1198 1531 1436 1572 Poenorum
1467 1531 1520 1571 ad
1555 1531 1794 1586 octoginta4

383 1583 491 1622 eirca
524 1584 755 1624 Sardiniam
790 1587 840 1626 ab
875 1587 953 1627 (Jn.
976 1587 1164 1636 Octavio,
1193 1588 1265 1642 qui
1297 1588 1532 1643 provinciae
1563 1596 1762 1643 praeerat,

383 1647 534 1692 captas,
561 1640 731 1680 Coelius
752 1642 960 1682 frumento
982 1644 1104 1683 misso
1125 1644 1177 1683 ad
1208 1644 1488 1684 Hannibalem
1510 1652 1765 1684 commeatu-

384 1710 465 1748 que
507 1704 686 1745 onustas,
730 1696 921 1737 Valerius
969 1700 1165 1752 praedam
1212 1700 1431 1740 Etruscam
1472 1701 1762 1755 Ligurumque

384 1760 675 1791 montanorum
716 1754 897 1807 captivos
941 1754 1240 1809 Carthaginem
1281 1765 1582 1810 perportanteS,
1623 1757 1760 1797 tradit.

385 1806 434 1846 Iu
458 1807 632 1847 Bruttiis
649 1808 753 1847 nihil
773 1809 901 1849 ferme
919 1824 1028 1849 anno
1045 1826 1094 1850 eo
1111 1812 1376 1851 memorabile
1393 1821 1566 1866 gestum.
1629 1812 1763 1853 Pesti-

384 1862 510 1903 lentia
540 1864 763 1905 incesserat
794 1866 881 1919 pari
912 1866 1028 1906 clade
1060 1867 1102 1905 in
1136 1867 1348 1907 Romanos
1378 1868 1649 1923 Poenosque:
1684 1869 1763 1909 nisi

383 1920 498 1972 quod
538 1919 743 1960 Punicum
793 1922 1022 1962 exereitum
1063 1937 1187 1977 super
1233 1924 1421 1963 morbum
1470 1925 1595 1964 etiam
1634 1924 1763 1965 fames

384 1975 531 2015 affecit.
594 1976 771 2030 Propter
792 1977 965 2017 Iunonis
988 1978 1184 2019 Laciniae
1200 1979 1401 2034 templum
1423 1990 1620 2020 aestatem
1643 1980 1761 2021 Han-

383 2030 495 2071 nibal
517 2031 625 2086 egit3
658 2032 799 2088 ibique
821 2049 932 2073 aram
953 2034 1142 2074 condidit
1163 2035 1467 2090 dedicavitque,
1485 2051 1580 2077 cum
1602 2037 1761 2092 ingenti

383 2101 521 2127 rerum
557 2089 607 2128 ab
644 2104 685 2129 se
721 2098 929 2144 gestarum
965 2090 1097 2139 titulo,
1133 2091 1304 2132 Punicis
1340 2091 1593 2148 Graecisque
1634 2093 1762 2134 liter1s

382 2143 599 2198 insculpto.

427 2268 443 2296 3
467 2260 519 2288 Ea
535 2260 635 2289 literis
651 2261 792 2298 coynita]
814 2262 867 2290 Ειι
886 2272 934 2291 res
950 2263 1049 2291 literis
1094 2265 1234 2297 onustas,
1265 2263 1315 2293 hic
1346 2268 1567 2303 perportantes
1595 2264 1760 2304 Carthagi-

383 2302 507 2338 cassnila
529 2311 567 2329 ex
589 2301 813 2332 emendatione
829 2303 979 2332 Rhenani
995 2304 1048 2332 ad-
1094 2314 1166 2333 nem
1203 2305 1370 2335 Etruscam
1410 2307 1561 2345 praedam
1600 2317 1672 2337 cum
1707 2307 1759 2336 Li-

384 2342 469 2371 misit
487 2342 626 2372 Bekker.
1092 2356 1205 2384 guruni
1241 2347 1383 2385 captivis.
1438 2349 1589 2378 Ceterum
1625 2348 1695 2378 libri
1728 2352 1759 2378 et

427 2395 444 2420 4
468 2385 577 2413 Nave-s
603 2385 768 2414 onerarias
791 2387 970 2415 Poenarum
990 2409 996 2416 .
1015 2410 1020 2415 .
1040 2410 1045 2415 .
1094 2387 1168 2416 editi
1186 2392 1260 2418 ante
1281 2399 1396 2418 nomeu
1415 2391 1538 2420 Coelius
1557 2391 1679 2420 addunt
1694 2401 1759 2428 eas,

383 2430 504 2462 raptas,
515 2426 653 2462 C‘belizts]
674 2426 783 2456 Nares
799 2427 954 2456 onerarias
969 2429 1046 2458 Poe<
1092 2439 1187 2466 quam
1203 2440 1312 2460 vocem
1326 2432 1460 2461 resecuit
1474 2432 1664 2462 Gronovius.
1708 2432 1759 2462 De

384 2476 494 2494 norum
526 2468 565 2496 ad
593 2467 751 2506 octoginta
783 2472 893 2507 captus
917 2470 1048 2499 Coelius
1092 2471 1205 2500 Coelio
1227 2472 1287 2502 vid.
1309 2483 1393 2511 supr.
1417 2473 1480 2504 xxi.
1504 2474 1553 2512 38.
1570 2474 1609 2504 de
1627 2473 1758 2504 Valerio

386 2507 595 2547 Valeriusque
625 2510 777 2546 tradunt3
809 2510 863 2540 ille
889 2511 1047 2541 frumento
1093 2511 1135 2541 iii.
1154 2520 1182 2550 5.
1207 2513 1310 2544 Cifflv.
