1877 3178
381 107 463 145 260
886 104 1032 147 TITI
1071 103 1247 145 LIVII

180 203 224 234 U.
241 203 279 234 G.
302 211 371 242 540-
383 195 617 251 clamorque
639 195 869 236 tenentium
889 210 1025 236 muros
1045 203 1284 250 partemque
1300 193 1435 243 urbis3
1458 194 1595 235 omnia
1610 193 1741 235 teneri
1756 212 1773 245 7

180 246 219 277 A·
243 247 280 277 C·
303 253 572 294 ²¹²·cust0des
604 253 692 302 rati,
715 253 783 293 alii
812 267 886 308 per
916 267 1077 292 murum
1104 252 1257 307 fugere,
1287 251 1354 292 alii
1386 250 1502 292 salire
1530 251 1581 292 de
1610 266 1740 300 muro,

187 1230 333 1263 Marcelli

186 1274 344 1304 lacrimae.

385 310 726 366 praecipitarique
776 311 895 350 turba
941 309 1190 365 paventium.
1271 308 1427 364 Magna
1469 323 1560 363 pars
1604 317 1743 349 tamen

385 368 525 423 ignara
550 367 653 407 tanti
678 367 773 407 mali
793 376 890 415 erat,
913 376 954 407 et
980 366 1153 422 gravatis
1180 366 1368 406 omnibus
1389 365 1483 406 vino
1504 380 1742 421 somnoque,

387 434 439 474 et,
468 425 511 464 in
540 433 674 465 vastae
707 423 1001 479 magnitudinis
1032 424 1144 472 urbe,
1172 423 1349 478 partium
1381 438 1502 463 sensu
1533 437 1618 463 non
1649 423 1774 467 satiss

387 481 618 537 pertinente
649 481 692 520 in
723 481 869 521 omnia.
934 480 1018 521 Sub
1045 480 1149 529 luce,
1176 479 1396 536 Hexapylo
1427 480 1605 528 effracto,
1632 479 1745 519 Mar-

388 538 526 587 cellus,
549 539 738 579 omnibus
758 538 885 593 copiis
910 538 1052 578 urbem
1079 538 1293 592 ingressus,
1315 537 1508 577 excitavit
1528 536 1746 577 convertit-

389 611 469 651 que
498 610 639 636 omnes
666 595 718 635 ad
745 610 855 635 arma
882 594 1092 649 capienda,
1118 610 1334 650 opemque,
1356 594 1388 634 si
1416 609 1539 649 quam
1566 601 1744 648 possent,

388 653 469 693 iam
505 660 645 707 captae
681 667 807 707 prope
843 652 934 691 urbi
968 651 1188 692 ferendam.
1258 651 1475 707 Epicydes,
1509 651 1559 691 ab
1594 649 1777 704 Insula,9

390 724 514 764 quam
548 710 624 764 ipsi
658 709 801 749 Nason
834 718 992 757 vocant,
1027 709 1151 749 citato
1185 708 1390 764 profectus
1425 708 1600 763 agmine,
1636 706 1748 747 haud

390 767 552 815 dubius,
589 766 691 820 quin
726 781 887 821 paucos,
924 780 997 821 per
1035 765 1327 821 negligentiam
1367 765 1582 806 custodum
1618 773 1749 804 trans-

390 838 546 879 gressos
567 838 742 871 murum,
765 823 1007 877 expulsurus
1026 822 1143 871 foret,
1166 823 1472 862 occurrentibus
1493 821 1662 877 pavidis,
1684 829 1750 861 tu-

391 880 566 920 multum
589 895 736 935 augere
758 895 840 928 eos,
863 879 1066 928 dictitans,
1089 889 1131 920 et
1150 880 1302 919 maiora
1322 894 1368 919 ac
1390 878 1631 919 terribiliora
1651 893 1749 919 vero

391 938 546 985 afferre,
583 946 799 991 postquam
835 936 1049 991 conspexit
1088 936 1225 976 onmia
1259 937 1365 976 circa
1401 935 1594 991 Epipolas
1630 934 1751 976 armis

391 993 606 1048 completa,
629 993 813 1033 lacessito
835 1001 994 1033 tantum
1022 993 1137 1033 hoste
1165 993 1304 1048 paucis
1329 993 1557 1041 missilibus,
1580 1002 1686 1033 retro
1707 991 1751 1031 in

392 1050 672 1090 Achradinam
697 1064 844 1104 agmen
865 1050 1075 1097 convertit,
1099 1064 1182 1090 non
1211 1059 1293 1090 tam
1313 1050 1396 1089 vim
1424 1049 1752 1090 multitudinem-

392 1122 472 1161 que
494 1106 673 1146 hostium
696 1115 894 1153 metucns,
917 1120 1040 1160 quam
1060 1121 1112 1146 ne
1134 1121 1215 1160 qua
1241 1107 1434 1146 intestina
1453 1106 1561 1146 fraus
1587 1121 1661 1161 per
1684 1120 1753 1146 oc-

393 1164 598 1204 casionem
629 1163 815 1211 oriretur,
842 1162 1078 1216 clausasque
1109 1162 1216 1202 inter
1246 1163 1468 1202 tumultum
1490 1163 1751 1203 Achradinae

393 1229 516 1276 atque
539 1219 701 1260 Insulae
730 1219 933 1260 inveniret
960 1227 1106 1274 portas.
1168 1218 1402 1268 Marcellus,
1425 1228 1483 1268 ut,
1505 1219 1667 1260 moenia
1690 1219 1754 1258 in-

393 1292 564 1333 gressus,
598 1292 649 1317 ex
684 1276 960 1332 superioribus
991 1276 1088 1316 locis
1120 1276 1276 1325 urbem,
1310 1276 1493 1317 omnium
1526 1276 1650 1316 ferme
1686 1275 1755 1316 illa

394 1342 634 1390 tempestate
670 1334 1000 1389 pulcherrimam,
1037 1333 1260 1374 subiectam
1296 1333 1424 1374 oculis
1457 1333 1571 1382 vidit,
1608 1332 1755 1374 illacri-

394 1407 522 1432 masse
545 1391 706 1440 dicitur,
728 1390 876 1446 partim
896 1390 1047 1445 gaudio
1074 1398 1211 1431 tantae
1238 1399 1492 1446 perpetratae
1513 1391 1585 1440 rei,
1607 1389 1755 1446 partim

394 1456 554 1489 vetusta
587 1447 716 1503 gloria
750 1447 871 1488 urbis.
933 1446 1253 1488 Atheniensium
1287 1448 1432 1488 classes
1463 1447 1684 1496 demersae,
1715 1454 1756 1487 et

396 1505 479 1546 duo
518 1505 704 1560 ingentes
743 1504 946 1545 exercitus
985 1519 1079 1544 cum
1119 1504 1278 1545 duobus
1317 1504 1545 1545 clarissimis
1584 1504 1784 1546 ducibus1

396 1562 534 1611 deleti,
571 1562 850 1609 occurrebant,
886 1569 927 1601 et
966 1570 1026 1601 tot
1066 1561 1172 1601 bella
1210 1577 1304 1602 cum
1347 1561 1757 1617 Carthaginiensibus

397 1628 511 1660 tanto
539 1633 632 1659 cum
658 1618 891 1658 discrimine
918 1627 1056 1672 gesta3
1089 1626 1149 1658 tot
1179 1626 1261 1658 tam
1292 1619 1476 1674 opulenti
1504 1618 1667 1675 tyranni
1694 1632 1758 1658 re-

397 1690 577 1731 gesque3
614 1683 774 1730 praeter
805 1682 960 1714 ceteros
997 1673 1139 1723 Hiero,
1171 1690 1300 1730 quum
1335 1676 1636 1716 recentissimae
1671 1690 1757 1715 me-

398 1733 550 1773 moriae
572 1747 657 1781 rex,
680 1740 767 1772 tum
789 1740 882 1771 ante
905 1731 1053 1779 omnia,
1076 1746 1180 1785 quae
1200 1732 1328 1772 virtus
1356 1732 1390 1772 ei
1420 1734 1665 1787 fortunaque
1686 1746 1759 1772 sua

399 1790 580 1838 dederat,
621 1788 831 1829 benefieiis
866 1788 909 1827 in
944 1787 1141 1842 populum
1178 1787 1414 1828 Romanum
1453 1789 1633 1844 insignis.
1696 1788 1759 1828 Ea

400 1862 528 1901 quum
568 1846 756 1886 universa
795 1853 1055 1885 occurrerent
1093 1844 1241 1893 animo,
1277 1845 1512 1900 subiretque
1553 1845 1757 1900 cogitatio,

400 1904 481 1944 iam
508 1902 577 1943 illa
603 1910 811 1943 momento
839 1901 962 1942 horae
991 1915 1127 1941 arsura
1154 1901 1303 1950 omnia,
1325 1909 1366 1942 et
1392 1901 1443 1942 ad
1471 1902 1627 1942 cineres
1651 1901 1760 1942 redi-

401 1969 517 2009 tura;
548 1960 785 2015 priusquam
816 1958 931 2014 signa
952 1957 1232 1998 Achradinam
1262 1958 1508 2007 admoveret,
1534 1958 1759 2014 praemittit

405 2017 690 2073 Syracusanos,
717 2016 788 2072 qui
818 2015 924 2056 intra
952 2014 1155 2070 praesidia
1175 2015 1376 2065 Romana,
1401 2024 1447 2055 ut
1477 2024 1571 2056 ante
1602 2015 1788 2059 dietum2

447 2197 464 2228 7
488 2190 602 2219 Omnia
618 2189 717 2219 teneri
735 2188 874 2218 custodes
893 2187 968 2224 rati,
983 2187 1057 2224 alii]

405 2230 643 2270 Quamplurimi
659 2230 765 2269 scripti
782 2232 888 2260 carent
900 2239 975 2259 voce
987 2230 1061 2266 rati,

404 2284 485 2313 quae
514 2278 620 2303 tamen
650 2271 823 2302 necessaria
852 2275 908 2302 est.
960 2271 1061 2301 Recte

404 2315 580 2355 suspicatur
603 2316 668 2345 Iac.
691 2314 869 2345 Gronovius
891 2313 1061 2343 delendum

404 2357 441 2387 τὸ
459 2359 527 2394 alii,
548 2358 632 2387 male
654 2357 798 2386 additum
821 2360 856 2385 ut
876 2356 1062 2394 respondeat

405 2399 495 2430 alteri
511 2400 595 2438 quod
617 2399 767 2438 sequitur,
783 2408 880 2436 quum
903 2407 996 2436 saepe
1016 2407 1061 2426 so-

406 2444 470 2472 leat
493 2442 600 2472 Livius
624 2442 655 2471 in
682 2441 902 2480 partitionibus
927 2441 1060 2469 alterum

405 2484 609 2523 supprimere.
654 2483 705 2514 Sic
725 2493 808 2521 supr.
831 2483 875 2512 iii.
896 2489 944 2521 37.
966 2483 1064 2520 ciryis

406 2528 504 2563 caedi,
519 2527 575 2556 aliz·
591 2527 693 2557 securi
708 2526 829 2555 subiici.
853 2525 956 2555 CREV.

449 2570 467 2597 S
489 2570 544 2605 Et,
556 2570 590 2598 in
606 2572 713 2598 vastae
727 2567 954 2606 wia-(solitudinis
969 2566 1062 2604 urbe]

408 2609 564 2647 Similem,
591 2610 756 2650 Babylone
785 2613 889 2648 capta,
917 2608 1064 2638 narratio-

408 2661 480 2680 nem
510 2652 664 2682 inveneris
692 2662 744 2690 ap.
769 2651 924 2682 Herodot.
949 2650 970 2681 i.
996 2659 1063 2690 191.

410 2693 536 2723 Aristot.
555 2694 623 2724 Pol.
640 2693 682 2723 iii.
703 2704 728 2724 1.

451 2743 469 2772 9
492 2736 540 2763 Ab
556 2737 681 2771 Insula,
696 2746 790 2775 quam
807 2736 868 2774 ipsi
883 2736 994 2765 Nason
1015 2745 1064 2765 vo-

409 2777 498 2812 cant]
528 2776 649 2806 Graece
674 2777 778 2807 insula
804 2780 851 2807 est
876 2777 978 2813 νῆσος.
1022 2777 1065 2806 At

1105 2186 1218 2223 Dores,
1246 2196 1377 2225 quorum
1408 2185 1561 2216 dialectus
1590 2185 1622 2215 in
1651 2184 1760 2216 Sicilia

1105 2228 1239 2267 vigebat,
1255 2228 1364 2258 dicunt
1379 2228 1481 2265 νᾶσος,
1495 2231 1617 2258 mutata
1632 2238 1688 2267 pro
1703 2236 1760 2258 suo

1103 2280 1190 2300 more
1207 2271 1297 2300 litera
1311 2282 1330 2306 η
1346 2270 1377 2300 in
1394 2282 1420 2301 α.
1445 2272 1549 2301 CREV.

1150 2322 1161 2342 1
1188 2313 1265 2343 Cum
1281 2314 1400 2343 duobus
1415 2314 1596 2343 clm-issimis
1610 2312 1757 2349 ducibus]

1106 2355 1181 2385 Duo
1204 2356 1310 2392 duces,
1328 2365 1405 2393 quos
1428 2355 1478 2384 hic
1501 2355 1620 2384 indicat
1642 2353 1762 2391 Livius,

1105 2400 1177 2427 sunt
1203 2397 1312 2427 Nicias
1336 2402 1366 2427 et
1391 2397 1634 2433 Demosthenes,
1653 2395 1706 2435 qui
1728 2395 1761 2425 in

1105 2439 1273 2469 miserabili
1289 2439 1529 2469 Atheniensium
1547 2440 1587 2468 ab
1602 2437 1763 2477 Syracusis

1106 2482 1179 2521 fuga
1197 2481 1389 2512 interierunt.
1436 2482 1580 2511 Durante
1596 2481 1761 2520 Syracusa-

1106 2534 1175 2553 rum
1188 2523 1360 2560 obsidione,
1372 2525 1434 2554 duo
1449 2523 1511 2553 iam
1523 2523 1576 2552 alii
1590 2522 1760 2553 Athenien-

1108 2566 1187 2595 sium
1211 2567 1306 2595 duces
1328 2566 1516 2601 occiderant,
1532 2564 1710 2595 Lamachus
1730 2566 1762 2593 et

1110 2608 1323 2647 Eurymedon.
1358 2608 1396 2639 cf.
1420 2608 1565 2648 Thucyd.
1589 2607 1640 2637 vii.
1663 2605 1761 2636 Diod.

1108 2650 1169 2681 Sic.
1186 2649 1250 2681 xiii.
1274 2651 1377 2681 CREv.

1149 2702 1166 2722 ‘z
1190 2694 1283 2722 Intra
1302 2693 1480 2732 praesidia]
1514 2691 1553 2721 In
1575 2688 1762 2720 exercitibus

1107 2734 1273 2765 Romanis.
1319 2734 1479 2764 Praesidia
1499 2733 1550 2762 hie
1572 2731 1650 2762 nihil
1673 2730 1761 2760 aliud

1108 2780 1192 2814 sunt,
1207 2785 1301 2815 quam
1317 2775 1437 2815 copiae,
1450 2775 1499 2805 vel
1516 2777 1624 2804 castra.
1647 2773 1751 2804 CREv.
