1871 3178
532 97 657 138 12113.
693 94 840 137 XXll.
890 95 1034 135 (tl-xl).
1070 100 1134 134 (iu.
1452 99 1528 135 119

143 193 153 209 ⁶
173 186 305 227 lucem
322 188 535 242 pervenire
553 188 592 226 in
611 186 811 233 tutaloea,
829 185 868 224 in
884 185 1088 225 sociorum
1102 185 1221 223 urbes
1237 199 1364 238 pnsum
1413 186 1524 224 ¹*it-ut
1547 192 1585 221 Γ,
1605 193 1641 221 (’.
1665 192 1733 229 531⁶-

118 250 153 281 ιί
171 258 338 283 avorum
367 245 563 284 memoria
588 244 630 283 l'.
656 243 810 283 Decius
836 242 1026 281 tribunus
1053 240 1231 280 militum
1262 241 1301 279 iu
1329 235 1579 288 Sann1io3‘l·
1603 236 1640 265 ‘7-
1668 234 1734 263 ²¹⁶-

144 307 154 322 ⁶
171 300 288 343 sicut,
312 302 430 341 uobis
452 300 794 345 adolescentibus,
810 299 943 354 priore
960 298 1122 337 Punico
1140 297 1248 337 bello
1274 297 1527 351 Calpurnius

145 362 154 379 ⁶
171 356 355 397 Flamma
378 358 572 398 trecentis
594 356 846 403 voluntariis,
869 370 999 409 quum
1022 354 1073 394 ad
1097 353 1303 394 tumulum
1326 369 1395 393 cos
1417 355 1527 408 eapi-

145 420 154 435 ‘
172 414 342 459 endum,
365 415 488 454 situm
512 415 619 454 inter
640 413 798 453 medios
826 412 976 460 hostes,
999 411 1184 459 (luceret,
1204 410 1311 450 (lixit
1328 427 1336 450 ;
1351 411 1359 427 '
1396 410 1527 449 Mori-

143 486 272 517 amur,
296 471 459 519 milites,
483 480 524 511 et
552 480 682 511 morte
706 478 844 510 nostra
875 469 1097 525 eripiamus
1128 483 1179 508 ex
1203 467 1418 508 obsidione
1451 468 1527 507 cir-

143 537 384 568 cumventas
415 528 622 583 legiones:
659 527 717 567 ‘si
750 526 829 566 hoe
860 526 906 565 P.
931 525 1200 580 Sempronius
1231 524 1412 571 diceret3
1451 539 1527 565 nec

145 586 279 625 ‘viros
310 585 493 640 quidem,
517 600 594 625 nec
627 584 839 624 Romanos
861 598 931 623 vos
962 583 1147 630 duceret,
1170 582 1201 621 si
1235 597 1358 621 nemo
1391 590 1526 621 tantae

145 642 335 682 ‘virtutis
366 642 587 682 exstitisset
612 656 761 682 comes.
826 639 948 679 Viam
981 654 1065 679 non
1097 639 1149 679 ad
1179 638 1352 692 gloriam
1385 639 1527 693 magis,

144 704 154 720 ⁶
171 714 296 753 quam
310 699 362 739 ad
376 699 565 747 salutem,
580 699 783 739 ferentem
798 697 1055 737 demonstrat
1068 711 1077 743 ;
1108 692 1281 736 reduces
1297 696 1337 735 in
1352 695 1527 750 patriam

144 761 154 777 ⁶
171 755 223 795 ad
248 765 451 810 parentes,
475 755 526 796 ad
552 756 749 810 coniuges
778 770 824 794 ac
857 754 1005 794 liberos
1026 753 1135 793 facit.
1201 752 1261 792 Ut
1292 752 1526 800 servemini,

144 818 154 834 ⁶
171 812 287 853 deest
308 812 423 853 vobis
444 813 636 853 animus?
667 812 782 867 quid,
806 811 836 851 si
868 810 1131 851 moriendum
1155 824 1229 865 pro
1250 809 1383 864 patria
1408 818 1526 858 essct,

144 874 154 891 ⁶
171 869 388 910 faceretis?
422 869 742 925 Quinquaginta
770 868 899 908 millia
920 867 1074 908 civium
1105 867 1394 921 sociorumque
1421 867 1529 906 circa

143 931 154 948 ⁶
170 941 242 966 vos
262 941 312 967 eo
340 926 429 982 ipso
450 927 518 967 dic
540 942 658 967 caesa
678 926 826 967 iacent.
893 925 935 965 Si
958 933 1019 965 tot
1046 924 1240 979 exempla
1261 924 1422 964 virtutis
1444 938 1527 963 non

143 988 154 1005 ⁶
171 992 353 1032 movent,
371 983 475 1023 nihil
497 999 682 1039 unquam
700 982 904 1023 movebit:
939 982 970 1022 si
988 991 1100 1022 tanta
1113 981 1250 1022 clades
1264 980 1387 1021 vilem
1402 981 1527 1020 vitam

144 1045 155 1063 ⁶
171 1055 257 1080 non
277 1040 387 1090 fecit,
407 1041 519 1081 nulla
538 1041 671 1081 faciet.
735 1039 877 1080 Liberi
895 1048 1020 1094 atque
1044 1038 1273 1079 incolumes
1296 1037 1526 1078 desiderate

144 1097 368 1152 ‘patriamz
402 1099 486 1138 imo
518 1098 763 1146 desiderate,
786 1097 886 1137 dum
919 1096 1051 1151 patria
1078 1104 1150 1144 est,
1174 1095 1275 1135 dum
1304 1095 1413 1135 cives
1441 1094 1529 1134 eius

112 1167 128 1186 2
145 1159 155 1177 ‘
171 1155 278 1195 estis.
344 1154 444 1195 Sero
475 1170 587 1196 nunc
617 1154 875 1202 desideratis,
898 1153 1105 1193 deminuti
1136 1152 1284 1207 capite,
1307 1151 1529 1192 abalienati

145 1217 155 1234 ⁶
174 1211 261 1251 iure
284 1212 449 1260 civium,
468 1212 573 1251 servi
595 1210 1005 1264 Carthaginiensium
1024 1209 1131 1249 facti.
1195 1209 1337 1248 Pretio
1355 1207 1528 1248 redituri

146 1274 156 1290 ⁶
173 1268 269 1308 estis
290 1284 352 1317 co,
368 1268 479 1308 unde
500 1268 662 1323 ignavia
678 1283 724 1307 ac
746 1267 935 1322 nequitia
951 1266 1120 1306 abistis?
1152 1266 1198 1306 P.
1222 1265 1527 1320 Sempronium,

146 1330 157 1347 ⁶
173 1325 305 1364 civem
339 1334 535 1373 vestrum,
572 1340 657 1365 non
698 1324 880 1372 audistis,
918 1338 1031 1363 arma
1066 1338 1213 1378 capere
1250 1338 1296 1362 ac
1332 1321 1450 1376 sequi
1486 1336 1528 1363 se

146 1381 409 1422 ‘iubentemz
446 1381 727 1423 Hannibalem
754 1389 846 1436 post
870 1380 1010 1435 paullo
1041 1380 1225 1427 audistis,
1253 1387 1383 1419 eastra
1410 1377 1529 1432 prodi

146 1444 157 1462 ⁶
173 1447 215 1478 et
236 1454 349 1479 arma
370 1439 475 1479 tradi
498 1439 722 1479 iubentem.
788 1437 927 1485 Quam
942 1452 1019 1491 ego
1041 1436 1247 1490 ignaviam
1268 1436 1439 1475 istorum
1463 1450 1530 1475 ac-

147 1501 158 1519 ⁶
173 1510 284 1545 cuso,
300 1511 430 1551 quum
452 1496 584 1536 scelus
604 1495 757 1551 possim
772 1495 994 1534 accusare?
1026 1493 1127 1533 Non
1141 1492 1252 1533 enim
1270 1491 1394 1532 modo
1411 1492 1528 1546 sequi

147 1558 158 1575 ⁶
174 1562 415 1593 recusarunt
454 1553 560 1593 benc
608 1560 863 1599 monentem,
905 1550 979 1590 sed
1018 1550 1214 1590 obsistere
1257 1564 1303 1589 ac
1350 1548 1529 1589 retinere

147 1611 311 1650 ‘conati
341 1618 448 1659 sunt,
472 1610 514 1649 ni
543 1609 692 1649 strictis
722 1607 871 1663 gladiis
896 1607 971 1647 viri
999 1606 1207 1646 fortissimi
1236 1606 1389 1646 inertes
1419 1620 1531 1645 sum-

147 1672 158 1689 ⁶
175 1667 408 1707 movissent.
471 1666 605 1715 Prius,
630 1665 815 1720 inquam,
838 1664 886 1705 P.
909 1663 1156 1718 Sempronio
1182 1678 1256 1718 per
1287 1663 1438 1702 civium
1461 1678 1531 1717 ag-

148 1729 283 1772 ⁶men,
316 1738 441 1778 quam
477 1738 552 1778 per
582 1722 776 1771 hostium,
808 1721 887 1762 fuit
917 1720 1234 1775 erumpendum.
1299 1719 1390 1759 Hos
1423 1720 1531 1760 cives

147 1786 156 1803 ‘
175 1781 308 1835 patria
357 1780 594 1821 desideret?
651 1794 830 1835 quorum
881 1778 913 1818 si
964 1778 1091 1818 ceteri
1141 1776 1294 1817 similes
1343 1776 1530 1825 fuissent,

147 1842 158 1860 ⁶
174 1837 386 1878 neminem
408 1837 533 1878 hodie
556 1852 608 1878 ex
630 1837 692 1885 iis,
715 1836 788 1891 qui
810 1835 862 1876 ad
887 1835 1056 1875 Cannas
1076 1843 1380 1890 pugnaverunt,
1399 1833 1532 1873 civem

147 1899 159 1917 ⁶
174 1894 357 1935 haberet.
421 1894 487 1934 Ex
509 1893 691 1934 millibus
705 1902 864 1948 septem
886 1901 1138 1933 armatorum
1156 1891 1342 1931 sexcenti
1364 1890 1532 1930 exstite-

148 1957 159 1974 ⁶
174 1961 284 2001 runt,
307 1952 380 2007 qui
411 1966 629 2006 erumpere
655 1950 870 1999 auderent,
894 1949 966 2004 qui
988 1949 1032 1988 in
1062 1948 1237 2004 patriam
1265 1947 1384 1988 liberi
1406 1956 1531 2002 atque

147 2014 159 2032 ⁶
175 2009 321 2049 armati
360 2009 566 2049 redirent:
611 2022 749 2062 neque
781 2007 830 2047 iis
870 2005 1146 2061 quadraginta
1181 2004 1311 2045 millia
1350 2004 1532 2044 hostium

148 2071 159 2089 ⁶
175 2066 382 2107 obstitere.
420 2065 557 2113 Quam
574 2073 710 2106 tutum
724 2064 803 2104 iter
816 2063 991 2104 duarum
1006 2078 1135 2118 prope
1149 2062 1362 2117 legionum
1377 2060 1533 2115 agmini

148 2123 361 2163 ‘futurum
395 2122 572 2163 censetis
607 2121 761 2163 fuisse?
799 2120 1022 2161 Haberetis
1057 2119 1182 2159 hodie
1215 2118 1363 2174 viginti
1405 2117 1533 2157 millia

149 2185 423 2221 ‘armatorum
477 2178 663 2227 Canusii,
711 2178 844 2226 fortia,
896 2176 1048 2225 fidelia,
1101 2176 1246 2216 Patres
1296 2174 1530 2230 conscripti.

149 2242 160 2259 ⁶
177 2237 306 2277 Nunc
327 2245 466 2277 autem
481 2234 837 2291 quemadmodum
858 2233 901 2274 hi
918 2233 1018 2274 boni
1031 2232 1260 2288 fidelesque
1278 2232 1394 2287 (nam
1408 2232 1533 2271 fortes

151 2297 161 2315 ⁶
178 2308 229 2333 ne
251 2294 329 2348 ipsi
351 2293 522 2349 quidem
543 2291 746 2347 dixerint)
763 2291 873 2331 cives
893 2306 981 2331 esse
1003 2290 1205 2346 possunt?
1236 2289 1314 2329 nisi
1332 2289 1424 2343 quis
1445 2303 1532 2328 cre-

119 2354 135 2384 3
151 2354 161 2372 ⁶
178 2349 275 2390 dere
296 2359 434 2404 potest
455 2349 591 2398 fuisse,
614 2359 661 2390 ut
683 2348 1011 2403 erumpentibuS,
1035 2347 1137 2402 quin
1159 2353 1437 2400 erumperent,
1460 2345 1532 2384 ob-

198 2534 207 2553 1
234 2525 274 2553 P.
288 2523 408 2552 Decius
429 2522 578 2551 tribunus
599 2521 750 2557 militum]
777 2520 818 2549 cf.
863 2530 900 2549 ea
925 2520 964 2549 de
989 2528 1052 2557 qua
1076 2517 1128 2547 hic
1152 2517 1265 2556 agitur,
1289 2527 1370 2555 quae
1395 2519 1533 2548 mamima

148 2568 243 2604 Supr.
262 2564 312 2595 vii.
330 2572 379 2601 34.
401 2564 453 2593 De
475 2564 653 2602 (ζ’(ιίριινηὶο
673 2563 818 2591 Flamma
863 2561 990 2597 dieitur,
1007 2564 1064 2596 est,
1081 2570 1178 2597 quum
1201 2559 1315 2598 aliquis
1331 2559 1424 2589 simul
1442 2564 1472 2589 et
1492 2560 1532 2590 ci-

150 2608 189 2639 cf.
215 2607 283 2637 Liv.
312 2606 403 2645 Epit.
434 2604 509 2635 xvii.
538 2605 576 2634 A.
602 2604 687 2634 Gell.
716 2603 757 2634 iii.
793 2613 817 2641 7.
864 2603 995 2632 vitatem
1018 2606 1048 2631 et
1071 2602 1251 2631 libertatem
1270 2601 1399 2632 amittit.
1427 2602 1532 2632 CREV.

151 2651 266 2681 Zonar.
284 2647 345 2678 viii.
368 2657 415 2684 12,
436 2657 481 2686 13.
865 2646 904 2675 ef.
922 2645 996 2674 Gaii
1020 2644 1099 2673 Inst.
1116 2643 1135 2674 i.
1159 2644 1174 2681 ἓ
1204 2652 1270 2684 ¹59·
1318 2643 1430 2674 lustin.
1453 2645 1531 2675 Inst.

194 2703 210 2722 2
235 2691 404 2722 Demi-nuti
434 2689 555 2728 capite]
592 2687 643 2718 Sic
672 2688 817 2726 Regulus
865 2687 883 2717 i.
902 2688 918 2723 ἓ
940 2686 985 2716 16.
1004 2686 1118 2715 Festus
1134 2696 1161 2716 v.
1178 2687 1372 2716 Deminnlus
1387 2687 1499 2725 capite.

150 2735 238 2774 apud
263 2734 344 2764 Hor.
366 2733 427 2762 od.
449 2731 492 2761 iii.
519 2740 545 2769 5.
569 2730 685 2760 dieitur
705 2730 820 2768 eapitis
909 2739 926 2767 3
955 2730 996 2759 [ft
1016 2729 1270 2767 erumpentibus]
1305 2728 1434 2759 Scilicet
1452 2733 1532 2759 tum.

151 2779 262 2807 minor.
308 2774 434 2814 Capitis
452 2772 630 2803 deminutio
647 2776 691 2801 est
710 2771 822 2810 prioris
867 2781 964 2810 quum
983 2770 1088 2801 conati
1104 2774 1186 2801 sunt.
1212 2770 1319 2801 DOER.

150 2822 251 2849 status
266 2817 411 2848 mut-atio.
446 2816 538 2846 Haec
555 2814 671 2854 triplex
689 2818 744 2845 est.
778 2814 819 2843 At
