1871 3178
498 97 621 140 LIB.
657 99 799 140 XXV.
842 99 986 140 CAP.
1028 102 1087 142 16.
1401 107 1476 144 251

101 187 256 242 gratiae
277 188 388 243 apud
411 188 598 229 Poenum
621 203 836 244 quaerens,
859 203 996 243 neque
1027 189 1197 229 transire
1220 190 1319 245 ipse,
1343 207 1480 247 neque
1500 205 1540 235 υ.
1558 206 1594 234 (5.
1620 213 1690 242 5⁴0·

104 244 261 285 trahere
277 245 329 285 ad
346 246 620 287 defectionem
640 246 831 287 Lucanos
844 245 939 285 satis
957 245 1113 294 habuit,
1129 246 1206 285 nisi
1226 247 1482 301 imperatoris
1499 249 1535 279 Α·
1560 248 1597 278 C·
1622 256 1653 275 ²¹
1668 255 1691 275 ²·

103 310 145 342 et
173 302 356 343 eiusdem
380 303 552 358 hospitis
582 303 735 358 proditi
757 303 889 358 eapite
919 318 965 343 ac
986 303 1188 358 sanguine
1210 304 1355 344 foedus
1386 321 1480 346 cum

102 357 289 399 hostibus
311 361 521 401 sanxisset.
586 361 655 400 Ad
678 360 918 414 Magonem,
939 361 1010 415 qui
1029 360 1070 400 in
1090 360 1265 401 Bruttiis
1281 372 1482 416 praeerat,

72 430 89 459 5
104 415 208 456 clam
225 417 263 457 in
280 418 532 473 colloquium
543 418 672 459 venit:
698 414 863 472 fideque
879 417 930 457 ab
944 433 993 457 eo
1008 427 1189 473 accepta,
1200 419 1231 457 si
1244 418 1482 459 Romanum

104 473 153 513 iis
174 474 462 529 imperatorem
481 475 726 523 tradidisset,
745 474 893 515 liberos
909 489 1003 515 cum
1018 475 1101 515 suis
1116 474 1275 529 legibus
1289 486 1484 517 venturos

70 539 90 570 6
105 531 145 570 in
169 532 390 572 amicitiam
414 532 631 580 Lucanos3
664 531 835 572 deducit
852 531 1041 572 Poenum
1058 532 1099 571 in
1122 532 1272 581 locum,
1291 548 1375 588 quo
1397 542 1484 574 erat

103 603 198 628 cum
221 590 362 644 paucis
393 589 628 630 Gracchum
655 588 919 629 adducturus.
983 589 1211 644 Magonem
1245 590 1301 630 ibi
1323 590 1484 646 pedites

104 646 348 701 equitesque
384 661 552 695 armare,
587 655 628 686 ct
660 661 806 701 capere
841 661 908 687 eas
944 646 1131 695 latebras,
1168 647 1237 687 ubi
1271 647 1483 702 ingentem

104 717 323 744 numerum
349 704 568 752 occuleret,
591 703 717 743 iubet.
780 703 894 744 Loco
923 704 1019 744 satis
1049 704 1234 759 inspecto
1256 714 1380 759 atque
1408 720 1485 745 un-

104 758 230 814 dique
253 760 477 816 explorato,
501 761 589 801 dies
617 761 844 816 composita
870 761 1076 817 gerendae
1099 762 1157 802 rei
1186 770 1259 802 est.
1322 762 1486 803 flavius

104 817 157 856 ad
180 817 415 858 Romanum
438 818 727 873 imperatorem
749 819 884 859 venit:
921 824 931 841 ‘
951 818 1059 859 Rem
1081 819 1150 868 se,’
1171 819 1240 868 ait,
1265 825 1276 842 ⁶
1292 834 1486 875 magnam

105 879 116 896 ⁶
132 874 357 924 inchoasse,
394 875 446 916 ad
480 890 604 930 quam
640 876 939 931 perficiendam
975 876 1104 932 ipsius
1143 876 1325 917 Gracchi
1361 892 1486 932 opera

75 935 233 986 7‘opus
253 947 355 973 esse.
417 932 619 973 Omnium
640 933 889 988 populorum
916 934 1185 989 praetoribuS,
1209 934 1281 990 qui
1303 934 1355 974 ad
1378 934 1485 975 Poe-

105 992 230 1028 ‘num
252 989 295 1028 in
321 989 390 1030 illo
418 990 629 1030 communi
653 990 795 1031 Italiae
818 1001 934 1031 motu
962 991 1200 1040 descissent,
1223 992 1483 1047 persuasisse,

105 1050 116 1068 ‘
131 1054 176 1085 ut
192 1045 377 1087 redirent
397 1047 440 1087 in
458 1048 682 1088 amicitiam
702 1048 1013 1089 Romanorum:
1048 1049 1217 1103 quando
1231 1064 1295 1089 res
1316 1064 1484 1104 quoque

106 1101 308 1152 Romana,
336 1119 442 1159 quae
474 1120 602 1160 prope
632 1105 807 1145 exitium
833 1105 949 1146 clade
986 1106 1200 1146 Cannensi
1223 1106 1414 1155 venisset,
1440 1106 1484 1146 in

106 1165 116 1182 ‘
133 1159 222 1200 dics
235 1160 381 1201 melior
401 1171 525 1216 atque
543 1163 702 1202 auctior
723 1163 839 1202 fieret
854 1178 862 1210 3
898 1162 1147 1203 Hannibalis
1165 1163 1223 1202 vis
1240 1173 1484 1212 senesceret,

107 1222 117 1239 ‘
131 1231 177 1257 ac
194 1231 322 1272 prope
344 1218 395 1258 ad
412 1218 590 1258 nihilum
612 1219 800 1260 venisset.
864 1219 1007 1260 Veteri
1030 1219 1183 1260 delicto
1206 1220 1318 1260 haud
1340 1220 1486 1275 impla-

108 1280 117 1296 ‘
135 1273 286 1314 cabiles
306 1274 392 1315 fore
417 1275 650 1316 Romanos:
684 1276 839 1316 nullam
866 1292 1050 1331 unquam
1071 1287 1241 1332 gentem
1262 1278 1392 1332 magis
1413 1293 1486 1318 ex-

108 1337 118 1354 ‘
136 1331 346 1380 orabilem,
368 1333 750 1388 promptioremque
765 1334 909 1374 veniae
927 1334 1087 1374 dandae
1109 1334 1243 1374 fuisse.
1310 1335 1487 1381 Quoties

109 1387 351 1429 ‘rebellioni
377 1389 500 1430 etiam
530 1390 730 1430 maiorum
752 1406 919 1431 suorum
948 1391 1167 1445 ignotum?
1200 1390 1318 1431 Haec
1340 1392 1390 1431 ab
1419 1392 1487 1441 se,’

108 1445 177 1494 ait,
205 1445 365 1486 ‘dictaz
400 1457 581 1487 ceterum
614 1448 664 1487 ab
695 1449 784 1503 ipso
819 1448 1009 1488 Graccho
1040 1448 1186 1488 eadem
1214 1448 1316 1488 haec
1344 1448 1487 1489 audire

110 1501 257 1542 ‘malle
287 1519 368 1553 COS,
398 1505 707 1559 praesentisque
738 1505 978 1560 contingere
1012 1505 1225 1546 dextram:
1260 1505 1304 1545 id
1338 1506 1489 1561 pignus

111 1564 121 1582 ‘
137 1559 235 1599 fidei
257 1576 395 1601 secum
417 1561 532 1602 ferre.
595 1561 755 1601 Locum
778 1576 820 1602 se
843 1562 1022 1602 consiliis
1043 1562 1195 1602 dixisse
1218 1578 1242 1602 a
1262 1572 1489 1618 conspeetu

111 1622 121 1639 ‘
137 1626 333 1667 amotum,
350 1618 460 1658 haud
475 1618 616 1673 procul
635 1634 657 1659 a
678 1619 817 1659 castris
836 1619 1044 1659 Romanis.
1109 1619 1171 1660 Ibi
1194 1620 1337 1676 paucis
1353 1620 1488 1660 verbis

111 1674 303 1729 ‘transigi
334 1690 419 1715 rem
455 1691 586 1731 posse,
610 1685 656 1716 ut
681 1691 803 1717 omne
832 1691 986 1717 nomen
1018 1676 1237 1717 Lucanum
1268 1677 1311 1716 in
1334 1677 1416 1717 fide
1442 1692 1489 1718 ac

112 1731 327 1772 ‘societate
351 1732 542 1773 Romana
572 1733 648 1773 sit.'
710 1733 937 1782 Gracchus,
960 1734 1148 1774 fraudem
1177 1744 1218 1775 et
1240 1734 1419 1775 sermoni
1447 1742 1490 1775 et

109 1788 168 1828 rei
188 1788 327 1829 abesse
349 1798 472 1839 ratus,
495 1806 541 1830 ac
569 1790 840 1831 similitudine
862 1791 947 1831 veri
973 1800 1128 1847 captus,
1151 1806 1245 1832 cum
1277 1791 1490 1832 lictoribus

109 1860 156 1886 ac
170 1853 305 1886 turma
325 1847 513 1901 equitum
532 1863 553 1888 e
568 1848 708 1888 castris
724 1848 944 1903 profectus,
960 1849 1066 1889 duce
1083 1849 1245 1904 hospite
1264 1849 1305 1888 in
1320 1849 1489 1889 insidias

108 1903 413 1958 praecipitatur.
476 1904 631 1945 Hostes
653 1906 788 1945 subito
817 1906 974 1946 exorti:
1009 1915 1063 1954 et,
1086 1921 1139 1946 ne
1161 1906 1288 1946 dubia
1308 1906 1489 1962 proditio

109 1968 228 2008 esset,
254 1960 416 2002 Flavius
432 1961 496 2002 his
517 1977 558 2003 se
581 1962 783 2017 adiungit.
847 1962 952 2003 Tela
973 1963 1159 2018 undique
1182 1963 1225 2002 in
1251 1962 1489 2004 Gracchum

110 2025 234 2072 atque
249 2019 410 2073 equites
424 2019 712 2060 coniiciuntur.
778 2019 992 2060 Gracchus
1006 2035 1057 2060 ex
1072 2035 1180 2075 equo
1195 2020 1348 2060 desilit:
1376 2020 1488 2060 idem
1504 2031 1670 2062 Gracchus

110 2082 268 2115 ceteros
285 2076 416 2117 facere
434 2077 561 2125 iubet,
579 2077 864 2131 hortaturque,
885 2083 894 2099 ⁴
912 2077 949 2117 [Γ
956 2087 983 2125 t,
1006 2077 1119 2131 quod
1137 2092 1266 2116 unum
1283 2077 1488 2132 reliquum
1504 2074 1684 2133 pyoditiqne

110 2132 276 2173 fortuna
305 2133 461 2182 fecerit,
488 2133 531 2174 id
562 2134 833 2174 cohonestent
860 2134 1022 2173 virtute.
1088 2133 1315 2188 Reliquum
1351 2143 1489 2174 autem
1502 2126 1697 2190 {grscumxen-

114 2195 124 2212 ‘
141 2190 243 2244 quid
270 2206 356 2231 esse
378 2191 531 2246 paucis,
554 2207 577 2231 a
602 2191 869 2231 multitudine
899 2191 942 2230 in
963 2190 1066 2231 valle
1093 2190 1194 2231 silva
1214 2206 1260 2231 ac
1282 2191 1490 2232 montibus

81 2251 125 2283 8‘
141 2256 282 2301 saepta
308 2248 611 2297 circumventis,
641 2257 804 2303 praeter
833 2248 1038 2288 mortem?
1081 2247 1131 2288 Id
1159 2248 1322 2297 referre,
1352 2257 1490 2289 utrum

158 2384 173 2413 5
200 2375 235 2403 Si
265 2376 440 2405 Romanum
472 2377 511 2405 iis
541 2377 777 2415 imperatorem]

115 2417 167 2447 Sic
186 2417 313 2455 scripti:
338 2417 395 2446 nisi
413 2419 497 2456 quod
513 2418 642 2456 quidam
666 2429 720 2456 pro
742 2420 781 2448 iis

115 2459 233 2488 hahent
257 2460 293 2495 is,
315 2460 399 2497 quod
426 2460 510 2489 idem
535 2465 590 2490 est.
636 2460 781 2499 Sigonius

825 2376 985 2415 ingentem
1010 2385 1175 2405 numerum
1193 2375 1385 2405 occulerent.
1431 2375 1491 2404 Lo—

826 2428 862 2447 co
879 2441 886 2447 .
905 2442 912 2448 .
929 2442 935 2448 .
947 2421 966 2432 '⁵‘
1004 2418 1080 2457 Ipsa
1098 2419 1171 2447 Put.
1189 2417 1305 2447 codicis
1326 2417 1492 2456 scriptura,

826 2470 864 2489 ex
882 2470 943 2498 qua
963 2460 1041 2489 hacc
1058 2464 1147 2489 eruta
1169 2463 1215 2488 est
1238 2459 1430 2495 emendatio,
1446 2463 1492 2488 ta-

115 2502 245 2531 dederat
259 2512 297 2531 ex
311 2501 491 2531 coniectura
508 2512 618 2540 parum
633 2512 782 2540 prospera

115 2545 184 2574 sibi.
228 2545 286 2580 Jis,
312 2554 428 2583 nempe
458 2544 782 2582 Carthaginiensibus,

116 2586 170 2625 qui
186 2586 280 2615 facile
297 2596 334 2615 ex
353 2596 444 2615 sensu
461 2586 691 2624 intelliguntur.
711 2587 771 2616 Cn.

159 2627 178 2658 6
193 2629 332 2659 Deducit
344 2630 485 2659 Poenum
505 2630 537 2657 in
553 2629 669 2664 locum]
685 2628 783 2657 Hunc

117 2672 223 2701 locum
245 2671 289 2700 sic
308 2671 431 2709 refingit
452 2670 579 2700 adiutus
595 2670 716 2709 optimo
733 2680 781 2700 co-

117 2713 186 2743 dice
211 2713 409 2743 Gronovius:
439 2718 458 2728 ⁵*
472 2712 599 2742 deducit
627 2713 783 2747 Poenum,

117 2766 179 2794 quo
197 2765 267 2785 cum
286 2755 395 2794 paucis
410 2755 593 2785 Gracchum
610 2754 653 2784 ait
670 2755 781 2784 ductu-

117 2808 197 2828 rum.
242 2798 338 2837 Mago
366 2798 418 2827 ubi
449 2797 573 2837 pedites
598 2797 782 2836 equitesque

117 2845 279 2877 armasset,
303 2846 429 2880 caperet
455 2851 508 2871 cas
532 2840 679 2877 latebras,
702 2850 782 2879 quae

827 2502 864 2531 lis
880 2506 944 2532 est:
970 2504 989 2517 ⁴⁸
1005 2502 1145 2531 Deducit
1164 2502 1308 2531 Poenum
1333 2501 1365 2530 in
1386 2501 1491 2530 locum

827 2544 935 2582 paucis
959 2543 1141 2573 Gracchum
1165 2543 1377 2572 adducturum
1399 2553 1492 2583 mago

826 2586 868 2614 ibi
886 2585 1008 2624 pedites
1024 2586 1208 2624 equitesque
1228 2595 1366 2614 armares
1388 2590 1419 2615 et
1443 2595 1492 2615 ca-

828 2637 902 2666 pere
918 2638 970 2657 eos
988 2628 1123 2657 latebras
1138 2627 1191 2657 ubi
1206 2627 1365 2666 ingentem
1382 2638 1492 2657 nume-

826 2680 895 2699 rum
909 2670 1100 2699 occuleret.'‘'
1116 2670 1221 2701 szv.
1235 2670 1433 2700 Gronovium
1447 2680 1492 2700 se-

827 2719 919 2741 cutus
935 2717 980 2741 est
1000 2712 1137 2742 Bekker.

878 2764 892 2792 ’,-
917 2756 1064 2784 Omnium
1092 2756 1300 2794 populorum]
1343 2755 1493 2786 Lucanae

826 2797 936 2835 gentis.
961 2800 1065 2828 Cum.

869 2840 887 2869 8
911 2841 951 2870 Icl
966 2841 1102 2878 referre]
1130 2840 1169 2870 Id
1185 2850 1282 2870 unum
1300 2840 1458 2871 interesse.
