1871 3178
535 118 658 160 LIB.
694 117 866 159 XXIII.
909 116 1053 158 CAI‘.
1087 121 1139 160 47
1458 123 1533 162 171

152 206 224 246 diu
246 206 499 261 1)ei··lust1ans
520 207 650 248 oculis
674 207 954 262 obequitasset
981 206 1162 246 hostium
1187 206 1344 253 turmis,
1368 207 1533 247 tandem
1552 219 1593 249 U.
1611 220 1649 250 c.
1672 229 1744 258 537·

151 263 258 303 facto
280 263 456 312 silentio,
488 265 582 305 ‘ubi
604 273 711 304 essct
734 263 938 305 Claudius
961 262 1150 303 Asellus.
1141 263 1176 292 ’θ’
1198 264 1421 317 quaesivit:
1455 270 1465 286 ‘
1480 274 1533 313 ct,
1551 262 1588 291 A.
1613 263 1650 292 (“·
1673 269 1744 300 2¹5·

154 320 321 375 ‘quom
315 336 379 361 nn
402 321 536 361 velbis
566 336 707 361 secum
738 321 789 361 de
822 321 973 360 virtute
1005 320 1213 373 ambiwre
1245 319 1389 359 solitus
1417 331 1520 361 esset

153 382 254 417 ‘cur
286 393 369 417 non
400 378 506 417 ferro
534 378 802 425 decerneret3
835 377 1036 431 daretque
1068 377 1207 431 opima
1237 376 1367 431 spolia
1391 377 1535 426 victus,

153 439 251 474 ‘aut
284 435 415 475 victor
447 435 660 490 caperet?
721 433 839 474 Haec
873 434 943 474 ubi
968 433 1112 473 Asello
1144 434 1335 473 nuntiata
1365 443 1462 474 sunt
1493 435 1535 474 in

151 500 294 539 castra,
318 492 360 531 id
383 492 506 532 modo
532 499 725 539 moratus,
749 500 794 531 ut
822 490 1035 531 consulem
1063 498 1417 545 percunctaretur,
1439 491 1537 531 lice-

151 558 269 588 retne
292 558 384 588 exti
386 563 410 588 ·ι
431 548 651 589 or'dinem
642 563 684 587 m
706 563 806 602 piox
810 562 868 588 oc
861 556 1000 588 mtem
1022 547 1183 588 hostem
1200 549 1417 603 pugnare?
1444 563 1538 603 per-

152 605 279 645 missu
309 605 398 645 eius
430 620 543 645 arma
577 604 789 660 extemplo
820 605 955 668 cepit:
994 613 1297 660 provectusque
1329 613 1425 645 ante
1457 614 1538 646 sta-

152 661 287 702 tiones
319 677 441 717 equ‹›‚
477 661 685 702 Tauream
721 676 890 702 nomme
926 661 1204 717 compellavit,
1238 661 1535 716 congredique,

152 719 223 758 ubi
256 718 392 767 v,ellet
429 718 558 759 iussit.
621 718 709 758 Iam
748 718 929 759 Romani
965 718 1018 759 ·1d
1053 718 1335 774 spectaculum
1371 734 1535 774 pugnae

151 775 240 816 eius
270 750 508 830 sreqiientes
539 775 654 816 exiel
656 783 752 816 ant:
787 783 829 816 et
859 775 1079 831 Campani,
1111 791 1197 816 non
1226 775 1380 816 vallum
1411 775 1537 816 modo

150 840 391 881 castrorum,
413 831 486 872 scd
517 833 682 873 moenia
711 833 836 873 ctiam
867 833 980 873 urbis
1010 841 1322 889 prospectantes
1352 833 1537 888 repleve-

119 894 253 929 6rant.
320 889 465 936 Quum
497 890 577 929 iam
609 898 705 930 ante
736 890 941 931 ferocibus
966 890 1086 930 dietis
1117 905 1206 930 rem
1236 890 1536 938 nobilitassent,

149 945 308 986 infestis
330 946 455 986 hastis
476 947 739 988 concitarunt
762 962 903 1002 equos.
968 947 1083 988 Dein
1110 946 1240 987 libero
1269 947 1402 1002 spatio
1430 947 1538 986 inter

149 1017 191 1043 se
224 1002 500 1052 ludificantes,
530 1003 618 1044 sine
651 1003 822 1044 vulnere
855 1019 1041 1059 pugnam
1073 1004 1361 1045 extrahebant.
1424 1004 1536 1044 Tum

152 1058 394 1124 Campanus
426 1060 632 1109 Romano,
666 1066 677 1084 ‘
695 1061 940 1116 Equorum,’
969 1061 1119 1116 inquit,
1154 1061 1273 1109 ‘hoe,
1302 1076 1389 1101 non
1419 1061 1538 1116 equi-

151 1121 163 1140 ‘
179 1125 282 1166 tum,
305 1117 383 1157 erit
404 1126 629 1166 certamen,
651 1118 731 1158 nisi
753 1133 775 1158 e
797 1133 944 1173 campo
970 1118 1012 1157 in
1038 1133 1181 1158 cavam
1205 1118 1313 1158 hanc
1333 1118 1443 1158 viam
1464 1117 1538 1157 de-

151 1173 382 1214 ‘mittimus
403 1189 558 1228 equos:
592 1174 650 1214 ibi
678 1174 793 1214 nullo
822 1174 874 1214 ad
902 1190 951 1214 ev
954 1174 1164 1229 agandum
1192 1174 1324 1229 spatio
1349 1174 1538 1214 cominus

151 1236 162 1254 ⁶
179 1238 450 1270 conserentur
479 1232 650 1270 manus.’
711 1231 839 1271 Dicto
869 1246 998 1285 prope
1027 1231 1149 1271 citius
1177 1245 1333 1285 equum
1362 1231 1406 1270 in
1427 1230 1537 1270 viam

121 1290 137 1322 7
154 1286 358 1327 Claudius
375 1286 538 1327 deiecit.
575 1287 753 1336 Taurea,
767 1288 903 1328 verbis
917 1287 1104 1336 ferocior,
1120 1302 1245 1342 quam
1259 1302 1316 1336 re,
1336 1287 1538 1328 ‘Minime

119 1343 229 1392 Ssis,'
249 1343 400 1398 inquit,
432 1343 716 1384 ‘cantherium
737 1344 781 1384 in
802 1344 976 1384 fossam.’
1029 1344 1150 1392 Quae
1171 1359 1253 1384 vox
1273 1344 1316 1384 in
1337 1344 1538 1384 rusticum

118 1400 249 1442 9inde
282 1400 546 1455 proverbium
580 1401 754 1456 prodita.
820 1400 1036 1449 Claudius,
1071 1415 1202 1456 quum
1235 1415 1284 1440 ea
1314 1401 1382 1440 via
1413 1400 1536 1456 longe

150 1457 464 1512 perequitasset,
482 1457 598 1498 nullo
615 1458 737 1498 obvio
758 1457 875 1498 hoste
897 1458 941 1497 in
963 1472 1157 1512 campum
1174 1472 1337 1497 rursum
1354 1465 1536 1505 evectus,

150 1514 369 1569 increpans
404 1514 611 1569 ignaviam
646 1514 786 1562 hostis,
820 1529 916 1554 cum
949 1529 1100 1569 magno
1132 1513 1287 1569 gaudio
1323 1522 1365 1554 et
1396 1522 1537 1568 gratu-

150 1570 304 1611 latione
325 1571 457 1611 victor
483 1571 528 1610 in
556 1580 687 1611 castra
706 1570 824 1611 redit.
888 1570 1003 1611 Huic
1035 1586 1201 1626 pugnae
1235 1571 1417 1626 equestri
1449 1585 1538 1612 rem

124 1642 134 1662 1
150 1628 298 1684 (quam
318 1642 413 1668 vera
433 1627 496 1677 sit,
519 1627 753 1669 communis
777 1627 1028 1669 existimatio
1053 1628 1134 1682 est)
1155 1627 1387 1669 mirabilem
1411 1636 1537 1677 certe,

193 1751 213 1782 6
236 1754 341 1789 Quum
367 1752 430 1781 iam
453 1755 528 1781 ante
542 1751 708 1789 ferocibus
729 1751 821 1780 dictis

151 1805 217 1825 rem
231 1794 465 1831 ‘'zobilitctssetzt]
493 1793 606 1828 Quum
630 1792 720 1822 initio
739 1793 821 1822 cele-

150 1836 299 1865 britatem
326 1835 487 1874 quandam
514 1835 696 1873 fastumque
722 1839 820 1865 certa-

150 1877 229 1908 mini
245 1888 320 1907 mox
336 1877 442 1907 futuro
462 1887 518 1916 per
533 1876 649 1907 ferocia
665 1877 751 1907 dieta
766 1877 820 1907 ad-

150 1920 313 1950 didissent.
338 1920 443 1951 CREV.

196 1969 212 2001 7
235 1963 375 1993 sslz'nime
397 1963 439 1992 sis
460 1986 468 1993 .
485 1985 493 1993 .
509 1985 517 1993 .
535 1985 543 1992 .
563 1962 765 1992 cantherium
787 1962 823 1991 in

143 2005 282 2042 fossam]
311 2003 480 2039 Κανθήλιος
497 2003 629 2034 Graecis
647 2006 770 2040 asinus,
790 2007 822 2033 et

151 2045 308 2082 Κανθὴλια
322 2047 466 2077 clitellae.
500 2045 625 2076 Latinis
637 2047 822 2076 cantherius

866 1749 897 1780 vi
919 1750 1085 1789 turpisque
1101 1750 1257 1781 discessus
1272 1751 1392 1782 dicenti
1415 1751 1538 1783 minue

864 1796 922 1824 ret.
955 1793 1048 1824 Haec
1062 1793 1254 1824 Gronovius.
1282 1794 1395 1824 Potuit
1411 1804 1538 1841 quoque

865 1835 975 1865 ludere
987 1835 1132 1865 Taurea'
1123 1845 1155 1865 m
1170 1846 1345 1875 cognomen
1356 1836 1539 1874 adversarii,

865 1878 951 1916 quod
968 1876 1137 1913 Κανθήλιος
1152 1879 1239 1927 apud
1253 1878 1406 1915 Graecos,
1423 1883 1457 1908 ut
1473 1878 1538 1908 iam

866 1919 1114 1957 observavimus,
1140 1922 1263 1956 asinus,
1291 1921 1460 1950 Romanus
1483 1930 1538 1951 au-

866 1965 931 1992 tem
947 1963 1077 1993 Asellus
1092 1963 1387 2001 cognominabatur.
1425 1963 1539 1993 Obser-

868 2007 921 2033 vat
943 2003 1028 2034 idem
1047 2004 1229 2034 Gronovius
1251 2004 1311 2034 hoe
1335 2005 1538 2044 proverbium

866 2046 964 2076 aliam
993 2045 1054 2075 vim
1082 2046 1242 2083 habuisse,
1266 2047 1321 2076 sed
1348 2056 1430 2085 quae
1457 2046 1538 2076 nihil

151 2098 252 2127 equus
264 2092 429 2125 castratus,
441 2089 479 2120 cf.
488 2088 580 2118 Varr.
592 2089 632 2118 de
644 2088 684 2119 R.
697 2088 738 2118 R.
749 2087 779 2118 ii.
795 2095 821 2126 7.

151 2134 183 2161 et
198 2132 384 2161 cantherius
399 2131 449 2161 vel
465 2131 666 2161 cantherium
686 2129 820 2160 admini-

152 2173 261 2202 culum
282 2176 314 2203 et
335 2173 566 2212 pedamentum
583 2171 709 2209 vitium,
724 2172 823 2202 instar

151 2215 271 2252 furcae,
292 2215 343 2245 vel
364 2215 439 2254 iugi,
464 2215 503 2245 cf.
525 2214 698 2245 Columell.
715 2213 756 2245 iv.
773 2224 820 2245 12.

152 2256 372 2287 Fodiebantur
384 2257 514 2287 vineae:
535 2256 566 2286 in
583 2257 666 2286 fossa
682 2256 820 2295 figeban-

153 2302 204 2328 tur
217 2298 381 2335 cantherii‚
398 2299 513 2338 quibus
527 2298 776 2338 applicabantur
790 2302 822 2329 et

153 2339 402 2378 imponebantur
427 2345 556 2370 tenerae
582 2340 670 2372 vites,
720 2340 823 2380 Igitur

154 2381 281 2420 proprie
303 2382 502 2412 cantherium
525 2383 560 2412 in
574 2382 666 2419 fossa
690 2386 747 2418 est,
768 2382 823 2411 ubi

155 2422 353 2453 eantheriata
377 2423 448 2452 vitis
470 2427 526 2454 est.
571 2424 635 2453 Sed
656 2424 731 2461 quia
751 2434 823 2453 can-

154 2465 275 2495 therius
298 2465 394 2494 etiam
417 2475 516 2503 genus
539 2464 612 2503 equi
630 2468 688 2501 est,
704 2465 755 2495 via
770 2475 823 2495 au-

154 2512 221 2537 tem
245 2517 322 2537 cava
346 2511 475 2545 propter
496 2507 642 2536 altiorem
665 2506 825 2545 utrimque

155 2559 224 2579 cam
229 2559 319 2587 pum,
333 2548 432 2578 instar
445 2548 546 2578 fossae
559 2560 566 2584 ;
589 2548 728 2578 illudens
740 2548 825 2578 Tau-

155 2602 218 2628 rea,
243 2594 412 2630 postquam
435 2590 591 2620 Claudius
613 2600 731 2628 equum
755 2599 825 2628 ege-

154 2637 204 2664 rat
226 2633 258 2662 in
283 2632 366 2662 viam
390 2642 514 2667 cavam,
531 2631 620 2667 Quid
637 2636 669 2661 te
685 2641 752 2661 esse
768 2632 825 2668 vis,

155 2675 271 2714 inquit,
288 2674 487 2704 cantherium
504 2675 536 2703 in
552 2674 635 2703 fossa
646 2677 659 2704 Ρ
689 2674 777 2704 Cave
793 2680 825 2703 te

156 2728 224 2748 esse
236 2716 358 2756 patiare
370 2716 569 2747 cantherium
583 2715 615 2745 in
628 2716 720 2746 fossa.
750 2715 826 2745 Hoc

157 2759 304 2798 equidem
321 2769 372 2789 me
385 2768 451 2789 esse
465 2759 549 2788 nolo,
584 2758 681 2794 Quod
694 2757 824 2796 quidem

157 2802 278 2832 dictum
303 2802 426 2831 nullam
452 2800 548 2830 aliam
575 2804 652 2830 tunc
673 2799 826 2839 temporis

158 2843 221 2874 vim
239 2843 390 2882 habebat,
406 2851 503 2882 quam
519 2846 553 2873 ut
570 2841 723 2873 invidiam
739 2842 824 2882 igna-

867 2089 907 2117 ad
937 2088 1024 2118 hune
1054 2088 1161 2118 locum
1192 2088 1351 2127 pertinere
1382 2088 1537 2119 videatur.

865 2131 1006 2160 Illinz'me
1027 2131 1070 2160 sis
1093 2131 1294 2160 cantherium
1317 2131 1352 2160 in
1366 2131 1479 2167 fossa:
1503 2130 1537 2160 id

866 2176 924 2209 est,
948 2183 988 2202 ne
1011 2171 1094 2202 sinas
1116 2172 1194 2202 alios
1217 2173 1257 2202 de
1280 2175 1312 2202 te
1336 2182 1486 2209 crescere,
1502 2176 1538 2202 ut

866 2214 939 2244 vitis
962 2213 1074 2244 crescit
1098 2218 1203 2244 stante
1229 2217 1261 2244 et
1284 2214 1539 2245 adminiculante

865 2256 1039 2287 cantherio.
1063 2256 1169 2288 (ἷκεν.

908 2299 926 2328 8
951 2300 1042 2335 Quae
1066 2308 1126 2329 voa‘
1151 2300 1187 2328 in
1211 2299 1384 2336 rusticum]
1419 2297 1538 2328 Merito

866 2340 991 2370 videtur
1003 2340 1166 2370 Gronovio
1182 2341 1242 2370 hoc
1258 2340 1461 2379 proverbium
1474 2340 1538 2369 iam

866 2382 1043 2421 antiquitus
1084 2387 1249 2421 receptum
1289 2382 1396 2418 fuisse,
1434 2391 1538 2419 neque

868 2424 943 2454 huie
968 2424 1114 2454 Taureae
1137 2424 1223 2453 dicto
1247 2424 1362 2453 debere
1385 2423 1537 2461 originem

868 2476 970 2496 suam.
994 2466 1100 2496 CREv.

912 2517 931 2547 9
955 2508 1060 2543 Quum
1076 2517 1113 2537 ea
1132 2507 1200 2543 cia]
1220 2506 1328 2545 Vulgo
1344 2505 1376 2535 in
1390 2506 1539 2537 omnibus

870 2557 938 2578 uss.
954 2552 986 2578 et
1001 2549 1072 2578 edd.
1088 2559 1128 2579 ω’
1143 2549 1206 2578 via.
1251 2548 1403 2578 Ceterum
1419 2559 1457 2578 ea
1473 2550 1538 2586 via,

869 2590 955 2628 quod
969 2589 1111 2619 Perizon.
1125 2589 1272 2626 coniecit,
1288 2590 1444 2628 probante
1456 2590 1538 2621 Dra-

869 2631 1065 2662 kenborehio
1089 2631 1207 2662 Stroth.
1233 2636 1265 2662 et
1290 2632 1430 2663 Bekker.
1454 2643 1538 2663 reee-

871 2677 997 2713 perunt.

915 2725 926 2745 1
955 2717 1058 2752 Quam
1077 2726 1155 2746 vera
1176 2717 1228 2752 sit,
1243 2718 1416 2747 communis
1430 2718 1537 2748 existi-

868 2759 964 2788 matio
978 2759 1039 2795 εει]
1060 2757 1113 2788 Ita
1123 2757 1264 2789 Gronov.
1277 2768 1334 2798 pro
1347 2759 1430 2799 vulg.
1443 2770 1539 2798 quam

868 2801 946 2830 satis
959 2804 1088 2837 certam,
1100 2800 1270 2839 legendum
1285 2801 1420 2831 monuit.
1451 2801 1537 2832 Com-

868 2843 975 2873 munis
990 2843 1191 2880 eoesstimatio,
1206 2842 1237 2874 h.
1255 2852 1281 2874 e.
1298 2842 1480 2874 existimare
1502 2842 1537 2873 li-

1523 297 1574 331 ²(
1581 304 1706 333 {rudius

1524 352 1534 370 2
1550 346 1686 376 Asellus.

1610 437 1678 476 47.
