1877 3178
531 584 929 637 EPITOME
990 583 1241 636 LIBRI
1300 580 1552 634 XXVII.

369 942 457 983 CN
481 939 772 981 FULVIUS
791 940 1008 993 proconsul
1036 954 1121 978 cum
1153 941 1322 979 eoeercitu
1352 941 1401 979 ab
1426 939 1659 979 Hannibale
1688 939 1745 978 ad

361 999 616 1038 Herdoneam
647 1011 782 1035 caesus
812 1003 879 1035 est.
942 996 1109 1035 Meliore
1136 1003 1270 1036 eventu
1301 1012 1327 1036 a
1357 996 1526 1037 Claudio
1547 996 1743 1035 Marcello

363 1055 517 1094 consule
557 1054 746 1092 adversus
787 1053 949 1092 eundem
984 1054 1040 1091 ad
1077 1052 1374 1092 ZVumistronem
1408 1060 1634 1106 puynatum
1674 1059 1740 1092 est.

363 1112 463 1151 Inde
492 1110 708 1149 Hannibal
738 1115 852 1148 noctu
889 1111 1052 1148 recessit.
1122 1110 1344 1148 Marcellus
1374 1112 1569 1148 insecutus
1605 1116 1671 1157 est,
1709 1116 1746 1148 et

363 1168 524 1207 subinde
560 1167 750 1205 cedentem
779 1167 938 1219 pressit,
975 1166 1093 1205 donec
1129 1166 1362 1219 confliqeret.
1426 1166 1570 1205 Priore
1603 1180 1745 1219 puyna

362 1224 577 1264 Hannibal
604 1225 782 1276 superior
800 1223 903 1274 ficit,
931 1223 1154 1261 bIarcellus
1184 1224 1409 1276 insequenti.
1471 1223 1625 1262 Fabius
1647 1223 1746 1262 Ma-

362 1283 491 1321 :cimus
514 1287 634 1333 pater
664 1280 801 1319 consul
832 1280 1070 1319 Tarentinos
1093 1294 1169 1333 per
1192 1280 1454 1332 proditionem
1479 1281 1632 1332 recepit.
1694 1279 1746 1318 In

364 1338 571 1391 Hispania
601 1337 657 1376 ad
683 1337 902 1375 Baeculam
938 1336 1071 1389 Scipio
1099 1351 1186 1375 cum
1212 1336 1471 1375 Hasdrubale
1495 1336 1747 1375 Hamilcaris

364 1394 552 1447 corfiirit,
585 1400 621 1432 et
649 1395 752 1432 vicit.
815 1393 926 1432 Inter
955 1393 1038 1432 alia
1069 1400 1228 1446 captum
1255 1408 1427 1446 puerum
1463 1394 1631 1446 reyalem
1667 1394 1747 1432 esci-

365 1453 467 1490 miae
484 1451 648 1502 formae
675 1451 731 1488 ad
758 1450 998 1489 avunculum
1030 1451 1292 1489 Masinissam
1326 1465 1413 1489 cum
1444 1451 1556 1489 donis
1585 1450 1743 1488 dimisit.

374 1507 567 1548 Claudius
589 1507 822 1554 Marcellus,
855 1507 902 1545 T.
936 1507 1146 1555 Quinctius
1174 1507 1382 1560 Crispinus
1403 1507 1588 1554 consules,
1611 1521 1748 1560 specu-

367 1564 479 1602 landi
499 1577 619 1602 causa
644 1565 847 1615 prom-essi
866 1578 884 1601 e
906 1565 1059 1611 castris,
1083 1564 1236 1603 insidiis
1257 1565 1306 1603 ab
1327 1564 1558 1603 Hannibale
1579 1565 1748 1603 circum-

367 1622 471 1659 venti
503 1626 605 1659 sunt.
671 1620 892 1658 Marcellus
927 1622 1074 1659 occisus
1096 1621 1199 1672 ficit,
1240 1620 1448 1674 Crispinus
1471 1621 1600 1673 flcffl'l‘-
1667 1620 1748 1660 Res

360 1683 570 1730 praeterea
610 1691 635 1714 a
675 1676 725 1714 P.
764 1676 940 1728 Sulpicio
984 1684 1168 1729 praetore
1207 1678 1396 1716 adversus
1435 1678 1669 1730 Philippum
1713 1683 1751 1716 et

367 1733 547 1773 Achaeos
563 1738 695 1786 qestas
716 1734 892 1771 continet.
954 1732 1150 1772 Lustrum
1172 1748 1197 1771 a
1219 1734 1439 1772 censoribus
1460 1735 1656 1773 conditum
1679 1740 1744 1772 est.

375 1790 501 1830 Censa
522 1795 615 1828 sunt
634 1790 776 1827 civium
802 1791 935 1842 capita
960 1795 1111 1827 centum
1141 1791 1305 1842 triqinta
1334 1796 1476 1843 septem
1507 1791 1631 1829 millia
1661 1804 1747 1828 cen-

369 1853 451 1886 tum
472 1853 507 1885 et
527 1852 634 1885 octo:
667 1861 712 1884 eoe
735 1860 811 1899 quo
836 1860 995 1884 numero
1016 1848 1220 1898 apparuit,
1243 1853 1435 1899 quantum
1463 1847 1663 1885 bominum
1694 1852 1751 1885 tot

361 1903 602 1956 proeliorum
620 1903 786 1941 adversa
795 1903 971 1954 fortuna
986 1903 1134 1955 populo
1152 1903 1333 1942 Romano
1354 1903 1584 1942 abstulisset.
1634 1903 1747 1941 Has-

368 1960 523 2007 drubal,
545 1961 614 2012 qui
633 1973 720 1997 cum
741 1961 909 1997 exercitu
931 1973 1027 1997 novo
1048 1960 1344 1998 transcenderat
1360 1960 1494 2012 Alpes,
1514 1965 1558 1998 ut
1572 1974 1611 1998 se
1625 1959 1748 1998 Han-

368 2017 493 2055 nibali
521 2017 779 2067 coniunoeret,
813 2029 900 2053 cum
932 2016 1103 2054 millibus
1133 2017 1331 2055 bominum
1364 2017 1653 2069 quinquaqinta
1683 2030 1749 2054 sex

369 2086 503 2111 caesus
533 2077 599 2118 est,
630 2072 692 2110 M.
716 2072 828 2110 Livii
862 2072 1029 2111 consulis
1061 2073 1193 2120 ductu,
1226 2073 1294 2111 sed
1331 2087 1407 2112 non
1448 2074 1595 2111 minore
1629 2086 1748 2126 opera

377 2129 539 2168 Claudii
568 2128 740 2167 IVeronis
771 2129 948 2167 consulis.
1020 2129 1112 2177 Qui,
1144 2144 1264 2183 quum
1294 2129 1523 2168 Hannibali
1551 2131 1749 2182 oppositus

369 2192 475 2232 esset,
499 2185 644 2224 relictis
669 2186 822 2232 castris,
845 2187 902 2224 ita
931 2191 975 2224 ut
1001 2186 1142 2224 hostem
1162 2186 1342 2238 falleret,
1365 2200 1452 2225 cum
1480 2185 1599 2225 electa
1628 2199 1747 2225 manu

364 2242 579 2295 profectus,
602 2241 900 2280 Hasdrubalem
922 2243 1183 2281 circumvenit.
