<?xml version="1.0" encoding="UTF-8"?>
<!DOCTYPE html PUBLIC "-//W3C//DTD XHTML 1.0 Transitional//EN"
    "http://www.w3.org/TR/xhtml1/DTD/xhtml1-transitional.dtd">
<html xmlns="http://www.w3.org/1999/xhtml" xml:lang="en" lang="en">
 <head>
  <title>
</title>
<meta http-equiv="Content-Type" content="text/html;charset=utf-8" />
  <meta name='ocr-system' content='tesseract 3.04.00' />
  <meta name='ocr-capabilities' content='ocr_page ocr_carea ocr_par ocr_line ocrx_word'/>
</head>
<body>
  <div class='ocr_page' id='page_1' title='image "./historiarumaburb02livyuoft_0180.png"; bbox 0 0 1877 3178; ppageno 0'>
   <div class='ocr_carea' id='block_1_1' title="bbox 333 98 1206 142">
    <p class='ocr_par' dir='ltr' id='par_1_1' title="bbox 333 98 1206 142">
     <span class='ocr_line' id='line_1_1' title="bbox 333 98 1206 142; baseline -0.001 -2"><span class='ocrx_word' id='word_1_1' title='bbox 333 101 413 142; x_wconf 86' lang='lat'>170</span> <span class='ocrx_word' id='word_1_2' title='bbox 842 99 987 141; x_wconf 89' lang='grc' dir='ltr'>ΤΙΤΙ</span> <span class='ocrx_word' id='word_1_3' title='bbox 1027 98 1206 140; x_wconf 84' lang='lat' dir='ltr'>LIVII</span> 
     </span>
    </p>
   </div>
   <div class='ocr_carea' id='block_1_2' title="bbox 119 185 1749 2342">
    <p class='ocr_par' dir='ltr' id='par_1_2' title="bbox 119 185 1714 298">
     <span class='ocr_line' id='line_1_2' title="bbox 121 185 1714 242; baseline -0.002 -13"><span class='ocrx_word' id='word_1_4' title='bbox 121 199 165 229; x_wconf 89' lang='lat' dir='ltr'>U</span> <span class='ocrx_word' id='word_1_5' title='bbox 182 198 220 228; x_wconf 84' lang='lat' dir='ltr'>C.</span> <span class='ocrx_word' id='word_1_6' title='bbox 243 204 314 236; x_wconf 84' lang='lat'>537-</span> <span class='ocrx_word' id='word_1_7' title='bbox 331 192 429 226; x_wconf 87' lang='lat' dir='ltr'>‘vos</span> <span class='ocrx_word' id='word_1_8' title='bbox 456 200 510 226; x_wconf 85' lang='lat' dir='ltr'>ex</span> <span class='ocrx_word' id='word_1_9' title='bbox 543 192 627 226; x_wconf 86' lang='lat' dir='ltr'>tam</span> <span class='ocrx_word' id='word_1_10' title='bbox 655 185 854 241; x_wconf 87' lang='lat' dir='ltr'>opulenta</span> <span class='ocrx_word' id='word_1_11' title='bbox 885 188 987 227; x_wconf 90' lang='lat' dir='ltr'>urbe</span> <span class='ocrx_word' id='word_1_12' title='bbox 1020 185 1175 242; x_wconf 88' lang='lat' dir='ltr'>praeda</span> <span class='ocrx_word' id='word_1_13' title='bbox 1206 185 1431 241; x_wconf 86' lang='lat' dir='ltr'>spoliisque</span> <span class='ocrx_word' id='word_1_14' title='bbox 1460 194 1630 228; x_wconf 88' lang='lat' dir='ltr'>onustos</span> <span class='ocrx_word' id='word_1_15' title='bbox 1650 186 1714 227; x_wconf 83' lang='lat' dir='ltr'>vel</span> 
     </span>
     <span class='ocr_line' id='line_1_3' title="bbox 119 241 1074 298; baseline 0.001 -16"><span class='ocrx_word' id='word_1_16' title='bbox 119 241 159 272; x_wconf 86' lang='grc' dir='ltr'><strong>Α·</strong></span> <span class='ocrx_word' id='word_1_17' title='bbox 183 241 221 271; x_wconf 91' lang='grc'><strong>(3·</strong></span> <span class='ocrx_word' id='word_1_18' title='bbox 244 247 341 278; x_wconf 80' lang='lat'>2¹5·‘</span> <span class='ocrx_word' id='word_1_19' title='bbox 357 242 520 291; x_wconf 98' lang='lat' dir='ltr'>ducam,</span> <span class='ocrx_word' id='word_1_20' title='bbox 543 258 627 298; x_wconf 91' lang='lat' dir='ltr'>quo</span> <span class='ocrx_word' id='word_1_21' title='bbox 648 242 807 292; x_wconf 89' lang='lat' dir='ltr'>voletis,</span> <span class='ocrx_word' id='word_1_22' title='bbox 830 243 896 284; x_wconf 89' lang='lat' dir='ltr'>vel</span> <span class='ocrx_word' id='word_1_23' title='bbox 916 258 1074 298; x_wconf 89' lang='lat' dir='ltr'>sequar.</span> 
     </span>
    </p>

    <p class='ocr_par' dir='ltr' id='par_1_3' title="bbox 121 299 1744 1376">
     <span class='ocr_line' id='line_1_4' title="bbox 181 299 1715 355; baseline -0.001 -15"><span class='ocrx_word' id='word_1_24' title='bbox 181 306 250 344; x_wconf 85' lang='lat'>46.</span> <span class='ocrx_word' id='word_1_25' title='bbox 388 299 481 340; x_wconf 89' lang='lat' dir='ltr'>Nec</span> <span class='ocrx_word' id='word_1_26' title='bbox 508 300 628 348; x_wconf 85' lang='lat' dir='ltr'>bene,</span> <span class='ocrx_word' id='word_1_27' title='bbox 659 315 737 340; x_wconf 90' lang='lat' dir='ltr'>nec</span> <span class='ocrx_word' id='word_1_28' title='bbox 770 299 877 340; x_wconf 90' lang='lat' dir='ltr'>male</span> <span class='ocrx_word' id='word_1_29' title='bbox 906 300 1018 340; x_wconf 89' lang='lat' dir='ltr'>dicta</span> <span class='ocrx_word' id='word_1_30' title='bbox 1045 299 1292 355; x_wconf 88' lang='lat' dir='ltr'>profuerunt</span> <span class='ocrx_word' id='word_1_31' title='bbox 1324 299 1377 339; x_wconf 88' lang='lat' dir='ltr'>ad</span> <span class='ocrx_word' id='word_1_32' title='bbox 1410 300 1715 340; x_wconf 88' lang='lat' dir='ltr'>confirmandos</span> 
     </span>
     <span class='ocr_line' id='line_1_5' title="bbox 123 355 1715 420; baseline -0.003 -18"><span class='ocrx_word' id='word_1_33' title='bbox 123 371 273 403; x_wconf 80' lang='lat' dir='ltr'>Poeniin</span> <span class='ocrx_word' id='word_1_34' title='bbox 330 357 501 397; x_wconf 84' lang='lat' dir='ltr'>animos.</span> <span class='ocrx_word' id='word_1_35' title='bbox 567 356 712 420; x_wconf 88' lang='lat' dir='ltr'>Quum</span> <span class='ocrx_word' id='word_1_36' title='bbox 740 356 854 397; x_wconf 89' lang='lat' dir='ltr'>omni</span> <span class='ocrx_word' id='word_1_37' title='bbox 882 365 997 412; x_wconf 89' lang='lat' dir='ltr'>parte</span> <span class='ocrx_word' id='word_1_38' title='bbox 1024 356 1290 412; x_wconf 82' lang='lat' dir='ltr'>pellerentur,</span> <span class='ocrx_word' id='word_1_39' title='bbox 1316 355 1601 412; x_wconf 83' lang='lat' dir='ltr'>Romanisque</span> <span class='ocrx_word' id='word_1_40' title='bbox 1627 371 1715 397; x_wconf 87' lang='grc'><strong>010-</strong></span> 
     </span>
     <span class='ocr_line' id='line_1_6' title="bbox 121 412 1716 462; baseline -0.001 -7"><span class='ocrx_word' id='word_1_41' title='bbox 121 418 317 444; x_wconf 73' lang='lat' dir='ltr'>casuaeom-</span> <span class='ocrx_word' id='word_1_42' title='bbox 330 422 493 455; x_wconf 87' lang='lat' dir='ltr'>scerent</span> <span class='ocrx_word' id='word_1_43' title='bbox 528 413 669 462; x_wconf 89' lang='lat' dir='ltr'>animi,</span> <span class='ocrx_word' id='word_1_44' title='bbox 706 429 791 453; x_wconf 90' lang='lat' dir='ltr'>non</span> <span class='ocrx_word' id='word_1_45' title='bbox 826 413 932 454; x_wconf 90' lang='lat' dir='ltr'>duce</span> <span class='ocrx_word' id='word_1_46' title='bbox 968 413 1101 454; x_wconf 89' lang='lat' dir='ltr'>solum</span> <span class='ocrx_word' id='word_1_47' title='bbox 1137 413 1397 462; x_wconf 83' lang='lat' dir='ltr'>adhortante,</span> <span class='ocrx_word' id='word_1_48' title='bbox 1431 412 1503 453; x_wconf 89' lang='lat' dir='ltr'>sed</span> <span class='ocrx_word' id='word_1_49' title='bbox 1540 413 1716 453; x_wconf 88' lang='lat' dir='ltr'>Nolanis</span> 
     </span>
     <span class='ocr_line' id='line_1_7' title="bbox 121 457 1716 526; baseline -0.001 -15"><span class='ocrx_word' id='word_1_50' title='bbox 121 457 296 496; x_wconf 82' lang='lat' dir='ltr'>pelluntur.</span> <span class='ocrx_word' id='word_1_51' title='bbox 331 471 457 512; x_wconf 89' lang='lat' dir='ltr'>etiam</span> <span class='ocrx_word' id='word_1_52' title='bbox 493 485 568 526; x_wconf 89' lang='lat' dir='ltr'>per</span> <span class='ocrx_word' id='word_1_53' title='bbox 602 470 838 519; x_wconf 88' lang='lat' dir='ltr'>clamorem,</span> <span class='ocrx_word' id='word_1_54' title='bbox 874 471 1024 510; x_wconf 87' lang='lat' dir='ltr'>favoris</span> <span class='ocrx_word' id='word_1_55' title='bbox 1059 470 1255 518; x_wconf 89' lang='lat' dir='ltr'>indicem,</span> <span class='ocrx_word' id='word_1_56' title='bbox 1293 469 1617 510; x_wconf 85' lang='lat' dir='ltr'>accendentibus</span> <span class='ocrx_word' id='word_1_57' title='bbox 1653 484 1716 509; x_wconf 86' lang='lat' dir='ltr'>ar-</span> 
     </span>
     <span class='ocr_line' id='line_1_8' title="bbox 330 526 1716 582; baseline -0.001 -14"><span class='ocrx_word' id='word_1_58' title='bbox 330 528 474 569; x_wconf 89' lang='lat' dir='ltr'>dorem</span> <span class='ocrx_word' id='word_1_59' title='bbox 496 542 675 582; x_wconf 82' lang='lat' dir='ltr'>pugnae,</span> <span class='ocrx_word' id='word_1_60' title='bbox 699 536 815 582; x_wconf 89' lang='lat' dir='ltr'>terga</span> <span class='ocrx_word' id='word_1_61' title='bbox 835 527 968 567; x_wconf 87' lang='lat' dir='ltr'>Poeni</span> <span class='ocrx_word' id='word_1_62' title='bbox 990 527 1209 575; x_wconf 87' lang='lat' dir='ltr'>dederunt,</span> <span class='ocrx_word' id='word_1_63' title='bbox 1233 536 1358 581; x_wconf 88' lang='lat' dir='ltr'>atque</span> <span class='ocrx_word' id='word_1_64' title='bbox 1384 526 1428 566; x_wconf 88' lang='lat' dir='ltr'>in</span> <span class='ocrx_word' id='word_1_65' title='bbox 1453 534 1584 566; x_wconf 87' lang='lat' dir='ltr'>castra</span> <span class='ocrx_word' id='word_1_66' title='bbox 1604 541 1716 566; x_wconf 89' lang='lat' dir='ltr'>com-</span> 
     </span>
     <span class='ocr_line' id='line_1_9' title="bbox 329 560 1716 641; baseline -0.001 -16"><span class='ocrx_word' id='word_1_67' title='bbox 329 585 437 641; x_wconf 87' lang='lat' dir='ltr'>pulsi</span> <span class='ocrx_word' id='word_1_68' title='bbox 470 593 577 625; x_wconf 91' lang='lat' dir='ltr'>sunt.</span> <span class='ocrx_word' id='word_1_69' title='bbox 644 560 788 631; x_wconf 63' lang='lat' dir='ltr'>QuaeD</span> <span class='ocrx_word' id='word_1_70' title='bbox 797 599 1038 639; x_wconf 83' lang='lat' dir='ltr'>oppugnare</span> <span class='ocrx_word' id='word_1_71' title='bbox 1072 584 1289 639; x_wconf 86' lang='lat' dir='ltr'>cupientes</span> <span class='ocrx_word' id='word_1_72' title='bbox 1325 583 1475 623; x_wconf 84' lang='lat' dir='ltr'>milites</span> <span class='ocrx_word' id='word_1_73' title='bbox 1503 583 1716 624; x_wconf 84' lang='lat' dir='ltr'>Romanos</span> 
     </span>
     <span class='ocr_line' id='line_1_10' title="bbox 330 640 1717 695; baseline -0.001 -13"><span class='ocrx_word' id='word_1_74' title='bbox 330 641 557 682; x_wconf 86' lang='lat' dir='ltr'>Marcellus</span> <span class='ocrx_word' id='word_1_75' title='bbox 591 640 746 681; x_wconf 91' lang='lat' dir='ltr'>Nolam</span> <span class='ocrx_word' id='word_1_76' title='bbox 782 641 962 689; x_wconf 86' lang='lat' dir='ltr'>reduxit,</span> <span class='ocrx_word' id='word_1_77' title='bbox 997 656 1092 681; x_wconf 89' lang='lat' dir='ltr'>cum</span> <span class='ocrx_word' id='word_1_78' title='bbox 1129 656 1280 695; x_wconf 86' lang='lat' dir='ltr'>magno</span> <span class='ocrx_word' id='word_1_79' title='bbox 1315 640 1468 695; x_wconf 61' lang='lat' dir='ltr'>gaudio</span> <span class='ocrx_word' id='word_1_80' title='bbox 1501 648 1543 680; x_wconf 89' lang='lat' dir='ltr'>et</span> <span class='ocrx_word' id='word_1_81' title='bbox 1577 648 1717 695; x_wconf 83' lang='lat' dir='ltr'>gratu-</span> 
     </span>
     <span class='ocr_line' id='line_1_11' title="bbox 329 697 1714 761; baseline -0.001 -23"><span class='ocrx_word' id='word_1_82' title='bbox 329 698 483 739; x_wconf 89' lang='lat' dir='ltr'>latione</span> <span class='ocrx_word' id='word_1_83' title='bbox 506 698 631 738; x_wconf 89' lang='lat' dir='ltr'>etiam</span> <span class='ocrx_word' id='word_1_84' title='bbox 653 697 799 761; x_wconf 80' lang='lat' dir='ltr'>plebis,</span> <span class='ocrx_word' id='word_1_85' title='bbox 817 713 924 753; x_wconf 88' lang='lat' dir='ltr'>quae</span> <span class='ocrx_word' id='word_1_86' title='bbox 947 707 1042 738; x_wconf 85' lang='lat' dir='ltr'>ante</span> <span class='ocrx_word' id='word_1_87' title='bbox 1064 697 1300 738; x_wconf 86' lang='lat' dir='ltr'>inclinatior</span> <span class='ocrx_word' id='word_1_88' title='bbox 1320 697 1373 737; x_wconf 88' lang='lat' dir='ltr'>ad</span> <span class='ocrx_word' id='word_1_89' title='bbox 1389 697 1553 737; x_wconf 89' lang='lat' dir='ltr'>Poenos</span> <span class='ocrx_word' id='word_1_90' title='bbox 1569 697 1714 737; x_wconf 84' lang='lat' dir='ltr'>fuerat.</span> 
     </span>
     <span class='ocr_line' id='line_1_12' title="bbox 332 754 1717 810; baseline -0.001 -15"><span class='ocrx_word' id='word_1_91' title='bbox 332 755 530 795; x_wconf 89' lang='lat' dir='ltr'>Hostium</span> <span class='ocrx_word' id='word_1_92' title='bbox 558 755 650 810; x_wconf 90' lang='lat' dir='ltr'>plus</span> <span class='ocrx_word' id='word_1_93' title='bbox 679 770 865 810; x_wconf 81' lang='lat' dir='ltr'>quinque</span> <span class='ocrx_word' id='word_1_94' title='bbox 895 754 1025 795; x_wconf 88' lang='lat' dir='ltr'>millia</span> <span class='ocrx_word' id='word_1_95' title='bbox 1052 770 1170 795; x_wconf 88' lang='lat' dir='ltr'>caesa</span> <span class='ocrx_word' id='word_1_96' title='bbox 1196 770 1245 795; x_wconf 92' lang='lat' dir='ltr'>eo</span> <span class='ocrx_word' id='word_1_97' title='bbox 1270 754 1351 802; x_wconf 89' lang='lat' dir='ltr'>die,</span> <span class='ocrx_word' id='word_1_98' title='bbox 1375 754 1458 793; x_wconf 85' lang='lat' dir='ltr'>vivi</span> <span class='ocrx_word' id='word_1_99' title='bbox 1486 754 1596 809; x_wconf 87' lang='lat' dir='ltr'>capti</span> <span class='ocrx_word' id='word_1_100' title='bbox 1624 768 1717 793; x_wconf 87' lang='lat' dir='ltr'>sex-</span> 
     </span>
     <span class='ocr_line' id='line_1_13' title="bbox 330 810 1718 876; baseline -0.001 -24"><span class='ocrx_word' id='word_1_101' title='bbox 330 812 515 876; x_wconf 49' lang='grc' dir='ltr'><strong>001111,οῐ</strong></span> <span class='ocrx_word' id='word_1_102' title='bbox 535 812 653 866; x_wconf 89' lang='lat' dir='ltr'>signa</span> <span class='ocrx_word' id='word_1_103' title='bbox 674 811 865 851; x_wconf 89' lang='lat' dir='ltr'>militaria</span> <span class='ocrx_word' id='word_1_104' title='bbox 886 811 1147 866; x_wconf 80' lang='lat' dir='ltr'>undeviginti</span> <span class='ocrx_word' id='word_1_105' title='bbox 1169 819 1211 851; x_wconf 91' lang='lat' dir='ltr'>et</span> <span class='ocrx_word' id='word_1_106' title='bbox 1232 811 1315 851; x_wconf 91' lang='lat' dir='ltr'>duo</span> <span class='ocrx_word' id='word_1_107' title='bbox 1337 810 1571 865; x_wconf 83' lang='lat' dir='ltr'>elephanti:</span> <span class='ocrx_word' id='word_1_108' title='bbox 1596 818 1718 865; x_wconf 86' lang='lat' dir='ltr'>quat-</span> 
     </span>
     <span class='ocr_line' id='line_1_14' title="bbox 330 866 1736 909; baseline -0.001 0"><span class='ocrx_word' id='word_1_109' title='bbox 330 878 424 909; x_wconf 88' lang='lat' dir='ltr'>tuor</span> <span class='ocrx_word' id='word_1_110' title='bbox 455 869 498 908; x_wconf 87' lang='lat' dir='ltr'>in</span> <span class='ocrx_word' id='word_1_111' title='bbox 528 869 614 909; x_wconf 89' lang='lat' dir='ltr'>acie</span> <span class='ocrx_word' id='word_1_112' title='bbox 647 868 783 908; x_wconf 90' lang='grc'><strong>000151.</strong></span> <span class='ocrx_word' id='word_1_113' title='bbox 847 868 1135 909; x_wconf 83' lang='lat' dir='ltr'>Romanorum</span> <span class='ocrx_word' id='word_1_114' title='bbox 1166 868 1303 908; x_wconf 90' lang='lat' dir='ltr'>minus</span> <span class='ocrx_word' id='word_1_115' title='bbox 1334 867 1446 907; x_wconf 87' lang='lat' dir='ltr'>mille</span> <span class='ocrx_word' id='word_1_116' title='bbox 1480 866 1736 908; x_wconf 83' lang='lat' dir='ltr'>interfecti..</span> 
     </span>
     <span class='ocr_line' id='line_1_15' title="bbox 329 924 1717 989; baseline -0.002 -23"><span class='ocrx_word' id='word_1_117' title='bbox 329 934 540 989; x_wconf 88' lang='lat' dir='ltr'>posterum</span> <span class='ocrx_word' id='word_1_118' title='bbox 563 925 675 965; x_wconf 88' lang='lat' dir='ltr'>diem</span> <span class='ocrx_word' id='word_1_119' title='bbox 700 925 874 965; x_wconf 90' lang='lat' dir='ltr'>indutiis</span> <span class='ocrx_word' id='word_1_120' title='bbox 902 925 1048 974; x_wconf 88' lang='lat' dir='ltr'>tacitis,</span> <span class='ocrx_word' id='word_1_121' title='bbox 1071 924 1311 980; x_wconf 88' lang='lat' dir='ltr'>sepeliendo</span> <span class='ocrx_word' id='word_1_122' title='bbox 1341 924 1550 979; x_wconf 87' lang='lat' dir='ltr'>utrimque</span> <span class='ocrx_word' id='word_1_123' title='bbox 1578 938 1717 964; x_wconf 87' lang='lat' dir='ltr'>caesos</span> 
     </span>
     <span class='ocr_line' id='line_1_16' title="bbox 329 979 1718 1044; baseline -0.001 -22"><span class='ocrx_word' id='word_1_124' title='bbox 329 998 373 1022; x_wconf 87' lang='grc'>111</span> <span class='ocrx_word' id='word_1_125' title='bbox 406 982 506 1030; x_wconf 88' lang='lat' dir='ltr'>acie,</span> <span class='ocrx_word' id='word_1_126' title='bbox 537 990 894 1037; x_wconf 89' lang='lat' dir='ltr'>consumpserunt.</span> <span class='ocrx_word' id='word_1_127' title='bbox 960 982 1101 1037; x_wconf 87' lang='lat' dir='ltr'>Spolia</span> <span class='ocrx_word' id='word_1_128' title='bbox 1132 982 1315 1022; x_wconf 88' lang='lat' dir='ltr'>hostium</span> <span class='ocrx_word' id='word_1_129' title='bbox 1349 980 1587 1044; x_wconf 62' lang='lat' dir='ltr'>BIarcellus,</span> <span class='ocrx_word' id='word_1_130' title='bbox 1611 979 1718 1020; x_wconf 85' lang='lat' dir='ltr'>Vul-</span> 
     </span>
     <span class='ocr_line' id='line_1_17' title="bbox 329 1037 1717 1093; baseline -0.001 -14"><span class='ocrx_word' id='word_1_131' title='bbox 329 1054 434 1079; x_wconf 88' lang='lat' dir='ltr'>cano</span> <span class='ocrx_word' id='word_1_132' title='bbox 469 1046 626 1087; x_wconf 85' lang='lat' dir='ltr'>votum,</span> <span class='ocrx_word' id='word_1_133' title='bbox 663 1039 870 1079; x_wconf 87' lang='lat' dir='ltr'>cremavit.</span> <span class='ocrx_word' id='word_1_134' title='bbox 935 1038 1081 1078; x_wconf 87' lang='lat' dir='ltr'>Tertio</span> <span class='ocrx_word' id='word_1_135' title='bbox 1115 1047 1209 1093; x_wconf 89' lang='lat' dir='ltr'>post</span> <span class='ocrx_word' id='word_1_136' title='bbox 1241 1038 1308 1078; x_wconf 89' lang='lat' dir='ltr'>die</span> <span class='ocrx_word' id='word_1_137' title='bbox 1346 1038 1418 1092; x_wconf 88' lang='lat' dir='ltr'>(ob</span> <span class='ocrx_word' id='word_1_138' title='bbox 1454 1038 1557 1078; x_wconf 85' lang='lat' dir='ltr'>iram</span> <span class='ocrx_word' id='word_1_139' title='bbox 1593 1037 1717 1078; x_wconf 89' lang='lat' dir='ltr'>credo</span> 
     </span>
     <span class='ocr_line' id='line_1_18' title="bbox 329 1094 1717 1149; baseline 0 -15"><span class='ocrx_word' id='word_1_140' title='bbox 329 1095 525 1149; x_wconf 84' lang='lat' dir='ltr'>aliquam,</span> <span class='ocrx_word' id='word_1_141' title='bbox 548 1104 620 1135; x_wconf 88' lang='lat' dir='ltr'>aut</span> <span class='ocrx_word' id='word_1_142' title='bbox 650 1110 766 1149; x_wconf 88' lang='lat' dir='ltr'>spem</span> <span class='ocrx_word' id='word_1_143' title='bbox 798 1094 1040 1135; x_wconf 88' lang='lat' dir='ltr'>liberalioris</span> <span class='ocrx_word' id='word_1_144' title='bbox 1067 1094 1259 1147; x_wconf 82' lang='lat' dir='ltr'>militiae)</span> <span class='ocrx_word' id='word_1_145' title='bbox 1284 1094 1396 1134; x_wconf 90' lang='lat' dir='ltr'>mille</span> <span class='ocrx_word' id='word_1_146' title='bbox 1426 1094 1597 1135; x_wconf 90' lang='lat' dir='ltr'>ducenti</span> <span class='ocrx_word' id='word_1_147' title='bbox 1625 1109 1717 1149; x_wconf 88' lang='lat' dir='ltr'>sep-</span> 
     </span>
     <span class='ocr_line' id='line_1_19' title="bbox 330 1150 1718 1205; baseline -0.001 -14"><span class='ocrx_word' id='word_1_148' title='bbox 330 1152 519 1205; x_wconf 88' lang='lat' dir='ltr'>tuaginta</span> <span class='ocrx_word' id='word_1_149' title='bbox 539 1151 623 1191; x_wconf 88' lang='lat' dir='ltr'>duo</span> <span class='ocrx_word' id='word_1_150' title='bbox 645 1151 820 1205; x_wconf 84' lang='lat' dir='ltr'>equites,</span> <span class='ocrx_word' id='word_1_151' title='bbox 844 1151 966 1190; x_wconf 85' lang='lat' dir='ltr'>mixti</span> <span class='ocrx_word' id='word_1_152' title='bbox 989 1150 1202 1191; x_wconf 86' lang='lat' dir='ltr'>Numidae</span> <span class='ocrx_word' id='word_1_153' title='bbox 1226 1150 1505 1205; x_wconf 81' lang='lat' dir='ltr'>Hispanique,</span> <span class='ocrx_word' id='word_1_154' title='bbox 1528 1150 1580 1191; x_wconf 87' lang='lat' dir='ltr'>ad</span> <span class='ocrx_word' id='word_1_155' title='bbox 1602 1150 1718 1191; x_wconf 62' lang='lat' dir='ltr'>BIar—</span> 
     </span>
     <span class='ocr_line' id='line_1_20' title="bbox 328 1207 1744 1262; baseline 0 -14"><span class='ocrx_word' id='word_1_156' title='bbox 328 1207 480 1248; x_wconf 83' lang='lat' dir='ltr'>cellum</span> <span class='ocrx_word' id='word_1_157' title='bbox 512 1208 832 1262; x_wconf 84' lang='lat' dir='ltr'>tiansfugerunt.</span> <span class='ocrx_word' id='word_1_158' title='bbox 898 1207 1056 1247; x_wconf 88' lang='grc' dir='ltr'><strong>Εο111111</strong></span> <span class='ocrx_word' id='word_1_159' title='bbox 1086 1207 1182 1247; x_wconf 88' lang='lat' dir='ltr'>forti</span> <span class='ocrx_word' id='word_1_160' title='bbox 1213 1207 1412 1262; x_wconf 89' lang='lat' dir='ltr'>fidelique</span> <span class='ocrx_word' id='word_1_161' title='bbox 1441 1222 1567 1262; x_wconf 89' lang='lat' dir='ltr'>opera</span> <span class='ocrx_word' id='word_1_162' title='bbox 1594 1207 1639 1246; x_wconf 89' lang='lat' dir='ltr'>in</span> <span class='ocrx_word' id='word_1_163' title='bbox 1669 1210 1744 1248; x_wconf 69' lang='lat' dir='ltr'>eo‘</span> 
     </span>
     <span class='ocr_line' id='line_1_21' title="bbox 328 1263 1717 1328; baseline -0.001 -23"><span class='ocrx_word' id='word_1_164' title='bbox 328 1264 438 1305; x_wconf 89' lang='lat' dir='ltr'>bello</span> <span class='ocrx_word' id='word_1_165' title='bbox 460 1265 522 1304; x_wconf 91' lang='lat' dir='ltr'>usi</span> <span class='ocrx_word' id='word_1_166' title='bbox 548 1275 644 1304; x_wconf 90' lang='lat' dir='ltr'>sunt</span> <span class='ocrx_word' id='word_1_167' title='bbox 669 1279 791 1319; x_wconf 86' lang='lat' dir='ltr'>saepe</span> <span class='ocrx_word' id='word_1_168' title='bbox 816 1264 1009 1304; x_wconf 86' lang='lat' dir='ltr'>Romani.</span> <span class='ocrx_word' id='word_1_169' title='bbox 1072 1265 1188 1319; x_wconf 83' lang='lat' dir='ltr'>Ager</span> <span class='ocrx_word' id='word_1_170' title='bbox 1209 1263 1442 1328; x_wconf 84' lang='lat' dir='ltr'>Hispanis</span> <span class='ocrx_word' id='word_1_171' title='bbox 1432 1279 1477 1303; x_wconf 91' lang='grc'>111</span> <span class='ocrx_word' id='word_1_172' title='bbox 1499 1263 1717 1319; x_wconf 87' lang='lat' dir='ltr'>Hispania,</span> 
     </span>
     <span class='ocr_line' id='line_1_22' title="bbox 330 1320 1643 1385; baseline 0.001 -25"><span class='ocrx_word' id='word_1_173' title='bbox 330 1321 560 1361; x_wconf 91' lang='lat' dir='ltr'>Numidis</span> <span class='ocrx_word' id='word_1_174' title='bbox 551 1336 594 1361; x_wconf 89' lang='grc'>111</span> <span class='ocrx_word' id='word_1_175' title='bbox 617 1320 762 1361; x_wconf 83' lang='lat' dir='ltr'>Africa</span> <span class='ocrx_word' id='word_1_176' title='bbox 782 1330 875 1376; x_wconf 90' lang='lat' dir='ltr'>post</span> <span class='ocrx_word' id='word_1_177' title='bbox 895 1320 1079 1385; x_wconf 39' lang='grc' dir='ltr'><strong>1101Η111111,</strong></span> <span class='ocrx_word' id='word_1_178' title='bbox 1087 1321 1251 1361; x_wconf 89' lang='lat' dir='ltr'>virtutis</span> <span class='ocrx_word' id='word_1_179' title='bbox 1271 1336 1405 1369; x_wconf 87' lang='lat' dir='ltr'>causa,</span> <span class='ocrx_word' id='word_1_180' title='bbox 1428 1320 1549 1361; x_wconf 91' lang='lat' dir='ltr'>datus</span> <span class='ocrx_word' id='word_1_181' title='bbox 1570 1329 1643 1361; x_wconf 91' lang='lat' dir='ltr'>est.</span> 
     </span>
    </p>

    <p class='ocr_par' dir='ltr' id='par_1_4' title="bbox 329 1377 1749 2342">
     <span class='ocr_line' id='line_1_23' title="bbox 388 1377 1718 1427; baseline 0.001 -10"><span class='ocrx_word' id='word_1_182' title='bbox 388 1377 616 1427; x_wconf 84' lang='lat' dir='ltr'>Hannibal,</span> <span class='ocrx_word' id='word_1_183' title='bbox 648 1378 699 1418; x_wconf 86' lang='lat' dir='ltr'>ab</span> <span class='ocrx_word' id='word_1_184' title='bbox 726 1378 838 1418; x_wconf 84' lang='lat' dir='ltr'>Nola</span> <span class='ocrx_word' id='word_1_185' title='bbox 868 1378 1038 1418; x_wconf 90' lang='lat' dir='ltr'>remisso</span> <span class='ocrx_word' id='word_1_186' title='bbox 1069 1378 1113 1417; x_wconf 91' lang='lat' dir='ltr'>in</span> <span class='ocrx_word' id='word_1_187' title='bbox 1146 1377 1331 1418; x_wconf 88' lang='lat' dir='ltr'>Bruttios</span> <span class='ocrx_word' id='word_1_188' title='bbox 1363 1377 1589 1426; x_wconf 87' lang='lat' dir='ltr'>Hannone,</span> <span class='ocrx_word' id='word_1_189' title='bbox 1622 1392 1718 1418; x_wconf 91' lang='lat' dir='ltr'>cum</span> 
     </span>
     <span class='ocr_line' id='line_1_24' title="bbox 330 1434 1718 1490; baseline 0 -16"><span class='ocrx_word' id='word_1_190' title='bbox 330 1435 481 1490; x_wconf 90' lang='lat' dir='ltr'>quibus</span> <span class='ocrx_word' id='word_1_191' title='bbox 502 1443 673 1475; x_wconf 84' lang='lat' dir='ltr'>venerat</span> <span class='ocrx_word' id='word_1_192' title='bbox 700 1435 842 1489; x_wconf 90' lang='lat' dir='ltr'>copiis,</span> <span class='ocrx_word' id='word_1_193' title='bbox 866 1435 952 1489; x_wconf 88' lang='lat' dir='ltr'>ipse</span> <span class='ocrx_word' id='word_1_194' title='bbox 976 1434 1157 1490; x_wconf 79' lang='lat' dir='ltr'>Apuliae</span> <span class='ocrx_word' id='word_1_195' title='bbox 1186 1435 1359 1475; x_wconf 89' lang='lat' dir='ltr'>hiberna</span> <span class='ocrx_word' id='word_1_196' title='bbox 1386 1435 1504 1490; x_wconf 88' lang='lat' dir='ltr'>petit,</span> <span class='ocrx_word' id='word_1_197' title='bbox 1526 1435 1718 1489; x_wconf 86' lang='lat' dir='ltr'>circaque</span> 
     </span>
     <span class='ocr_line' id='line_1_25' title="bbox 330 1490 1719 1556; baseline -0.001 -25"><span class='ocrx_word' id='word_1_198' title='bbox 330 1493 467 1547; x_wconf 83' lang='lat' dir='ltr'>Alpos</span> <span class='ocrx_word' id='word_1_199' title='bbox 488 1491 686 1532; x_wconf 83' lang='lat' dir='ltr'>consedit.</span> <span class='ocrx_word' id='word_1_200' title='bbox 734 1491 786 1538; x_wconf 91' lang='lat' dir='ltr'><strong>Q.</strong></span> <span class='ocrx_word' id='word_1_201' title='bbox 807 1491 839 1530; x_wconf 83' lang='lat' dir='ltr'>I</span> <span class='ocrx_word' id='word_1_202' title='bbox 842 1492 971 1540; x_wconf 81' lang='grc'><strong>11111115,</strong></span> <span class='ocrx_word' id='word_1_203' title='bbox 994 1500 1040 1532; x_wconf 90' lang='lat' dir='ltr'>ut</span> <span class='ocrx_word' id='word_1_204' title='bbox 1061 1492 1323 1545; x_wconf 87' lang='lat' dir='ltr'>profectum</span> <span class='ocrx_word' id='word_1_205' title='bbox 1314 1507 1358 1531; x_wconf 91' lang='grc'>111</span> <span class='ocrx_word' id='word_1_206' title='bbox 1376 1491 1576 1556; x_wconf 82' lang='lat' dir='ltr'>Apuliam</span> <span class='ocrx_word' id='word_1_207' title='bbox 1598 1490 1719 1532; x_wconf 89' lang='lat' dir='ltr'>Han-</span> 
     </span>
     <span class='ocr_line' id='line_1_26' title="bbox 329 1548 1719 1604; baseline 0 -16"><span class='ocrx_word' id='word_1_208' title='bbox 329 1548 511 1589; x_wconf 87' lang='lat' dir='ltr'>nibalem</span> <span class='ocrx_word' id='word_1_209' title='bbox 532 1548 703 1597; x_wconf 89' lang='lat' dir='ltr'>audivit,</span> <span class='ocrx_word' id='word_1_210' title='bbox 725 1548 935 1588; x_wconf 87' lang='lat' dir='ltr'>frumento</span> <span class='ocrx_word' id='word_1_211' title='bbox 957 1549 1007 1588; x_wconf 86' lang='lat' dir='ltr'>ab</span> <span class='ocrx_word' id='word_1_212' title='bbox 1032 1548 1144 1588; x_wconf 88' lang='lat' dir='ltr'>Nola</span> <span class='ocrx_word' id='word_1_213' title='bbox 1165 1548 1462 1604; x_wconf 88' lang='lat' dir='ltr'>Neapolique</span> <span class='ocrx_word' id='word_1_214' title='bbox 1452 1563 1497 1588; x_wconf 91' lang='grc'>111</span> <span class='ocrx_word' id='word_1_215' title='bbox 1518 1564 1568 1589; x_wconf 83' lang='lat' dir='ltr'>ea</span> <span class='ocrx_word' id='word_1_216' title='bbox 1587 1556 1719 1589; x_wconf 87' lang='lat' dir='ltr'>castra</span> 
     </span>
     <span class='ocr_line' id='line_1_27' title="bbox 330 1604 1719 1660; baseline -0.001 -14"><span class='ocrx_word' id='word_1_217' title='bbox 330 1620 435 1646; x_wconf 86' lang='lat' dir='ltr'>conv</span> <span class='ocrx_word' id='word_1_218' title='bbox 439 1614 544 1654; x_wconf 86' lang='lat' dir='ltr'>ecto,</span> <span class='ocrx_word' id='word_1_219' title='bbox 567 1620 637 1659; x_wconf 68' lang='lat' dir='ltr'>quz</span> <span class='ocrx_word' id='word_1_220' title='bbox 627 1620 672 1645; x_wconf 90' lang='grc'>10</span> <span class='ocrx_word' id='word_1_221' title='bbox 702 1620 826 1660; x_wconf 89' lang='lat' dir='ltr'>super</span> <span class='ocrx_word' id='word_1_222' title='bbox 853 1604 1090 1645; x_wconf 83' lang='lat' dir='ltr'>Suessulam</span> <span class='ocrx_word' id='word_1_223' title='bbox 1118 1614 1248 1654; x_wconf 76' lang='grc'><strong>013111,</strong></span> <span class='ocrx_word' id='word_1_224' title='bbox 1272 1606 1627 1660; x_wconf 87' lang='lat' dir='ltr'>munimentisque</span> <span class='ocrx_word' id='word_1_225' title='bbox 1649 1605 1719 1645; x_wconf 89' lang='lat' dir='ltr'>fir-</span> 
     </span>
     <span class='ocr_line' id='line_1_28' title="bbox 330 1661 1748 1717; baseline 0 -15"><span class='ocrx_word' id='word_1_226' title='bbox 330 1662 462 1711; x_wconf 88' lang='lat' dir='ltr'>matis,</span> <span class='ocrx_word' id='word_1_227' title='bbox 486 1670 529 1702; x_wconf 87' lang='lat' dir='ltr'>et</span> <span class='ocrx_word' id='word_1_228' title='bbox 556 1661 775 1717; x_wconf 85' lang='lat' dir='ltr'>praesidio,</span> <span class='ocrx_word' id='word_1_229' title='bbox 798 1661 911 1716; x_wconf 87' lang='lat' dir='ltr'>quod</span> <span class='ocrx_word' id='word_1_230' title='bbox 939 1676 1013 1716; x_wconf 90' lang='lat' dir='ltr'>per</span> <span class='ocrx_word' id='word_1_231' title='bbox 1041 1661 1216 1702; x_wconf 88' lang='lat' dir='ltr'>hiberna</span> <span class='ocrx_word' id='word_1_232' title='bbox 1243 1662 1295 1702; x_wconf 88' lang='lat' dir='ltr'>ad</span> <span class='ocrx_word' id='word_1_233' title='bbox 1326 1662 1548 1703; x_wconf 83' lang='lat' dir='ltr'>tutandum</span> <span class='ocrx_word' id='word_1_234' title='bbox 1579 1662 1748 1708; x_wconf 83' lang='lat' dir='ltr'>locum3</span> 
     </span>
     <span class='ocr_line' id='line_1_29' title="bbox 329 1717 1717 1773; baseline 0 -14"><span class='ocrx_word' id='word_1_235' title='bbox 329 1719 426 1759; x_wconf 88' lang='lat' dir='ltr'>satis</span> <span class='ocrx_word' id='word_1_236' title='bbox 467 1727 586 1767; x_wconf 90' lang='lat' dir='ltr'>esset,</span> <span class='ocrx_word' id='word_1_237' title='bbox 628 1718 784 1767; x_wconf 84' lang='lat' dir='ltr'>relicto,</span> <span class='ocrx_word' id='word_1_238' title='bbox 826 1718 914 1773; x_wconf 86' lang='lat' dir='ltr'>ipse</span> <span class='ocrx_word' id='word_1_239' title='bbox 963 1717 1154 1773; x_wconf 85' lang='lat' dir='ltr'>Capuam</span> <span class='ocrx_word' id='word_1_240' title='bbox 1194 1719 1363 1773; x_wconf 88' lang='lat' dir='ltr'>propius</span> <span class='ocrx_word' id='word_1_241' title='bbox 1404 1719 1533 1759; x_wconf 89' lang='lat' dir='ltr'>movit</span> <span class='ocrx_word' id='word_1_242' title='bbox 1572 1727 1717 1768; x_wconf 85' lang='lat' dir='ltr'>castra,</span> 
     </span>
     <span class='ocr_line' id='line_1_30' title="bbox 330 1774 1717 1840; baseline -0.001 -23.999"><span class='ocrx_word' id='word_1_243' title='bbox 330 1791 559 1840; x_wconf 82' lang='lat' dir='ltr'>agrumque</span> <span class='ocrx_word' id='word_1_244' title='bbox 581 1774 845 1831; x_wconf 84' lang='lat' dir='ltr'>Campanum</span> <span class='ocrx_word' id='word_1_245' title='bbox 861 1775 995 1815; x_wconf 83' lang='lat' dir='ltr'>ferro</span> <span class='ocrx_word' id='word_1_246' title='bbox 986 1775 1156 1830; x_wconf 80' lang='lat' dir='ltr'>lgnique</span> <span class='ocrx_word' id='word_1_247' title='bbox 1179 1784 1241 1815; x_wconf 88' lang='lat' dir='ltr'>est</span> <span class='ocrx_word' id='word_1_248' title='bbox 1256 1775 1554 1830; x_wconf 83' lang='lat' dir='ltr'>depopulatus:</span> <span class='ocrx_word' id='word_1_249' title='bbox 1583 1775 1717 1816; x_wconf 89' lang='lat' dir='ltr'>donec</span> 
     </span>
     <span class='ocr_line' id='line_1_31' title="bbox 330 1831 1716 1887; baseline -0.001 -14"><span class='ocrx_word' id='word_1_250' title='bbox 330 1833 463 1873; x_wconf 85' lang='lat' dir='ltr'>coacti</span> <span class='ocrx_word' id='word_1_251' title='bbox 491 1841 588 1873; x_wconf 87' lang='lat' dir='ltr'>sunt</span> <span class='ocrx_word' id='word_1_252' title='bbox 611 1831 831 1887; x_wconf 84' lang='lat' dir='ltr'>Campani,</span> <span class='ocrx_word' id='word_1_253' title='bbox 854 1831 958 1871; x_wconf 89' lang='lat' dir='ltr'>nihil</span> <span class='ocrx_word' id='word_1_254' title='bbox 987 1832 1211 1871; x_wconf 88' lang='lat' dir='ltr'>admodum</span> <span class='ocrx_word' id='word_1_255' title='bbox 1238 1832 1392 1872; x_wconf 86' lang='lat' dir='ltr'>viribus</span> <span class='ocrx_word' id='word_1_256' title='bbox 1421 1832 1504 1872; x_wconf 90' lang='lat' dir='ltr'>suis</span> <span class='ocrx_word' id='word_1_257' title='bbox 1526 1832 1716 1880; x_wconf 82' lang='lat' dir='ltr'>fidentes,</span> 
     </span>
     <span class='ocr_line' id='line_1_32' title="bbox 331 1889 1714 1945; baseline -0.001 -15"><span class='ocrx_word' id='word_1_258' title='bbox 331 1889 473 1945; x_wconf 82' lang='lat' dir='ltr'>egredi</span> <span class='ocrx_word' id='word_1_259' title='bbox 503 1890 645 1944; x_wconf 89' lang='lat' dir='ltr'>portis,</span> <span class='ocrx_word' id='word_1_260' title='bbox 672 1899 713 1929; x_wconf 87' lang='lat' dir='ltr'>et</span> <span class='ocrx_word' id='word_1_261' title='bbox 742 1898 873 1929; x_wconf 84' lang='lat' dir='ltr'>castra</span> <span class='ocrx_word' id='word_1_262' title='bbox 902 1897 996 1928; x_wconf 90' lang='lat' dir='ltr'>ante</span> <span class='ocrx_word' id='word_1_263' title='bbox 1026 1889 1209 1929; x_wconf 87' lang='lat' dir='ltr'>urbem</span> <span class='ocrx_word' id='word_1_264' title='bbox 1201 1904 1243 1928; x_wconf 89' lang='grc'>111</span> <span class='ocrx_word' id='word_1_265' title='bbox 1272 1897 1415 1944; x_wconf 85' lang='lat' dir='ltr'>aperto</span> <span class='ocrx_word' id='word_1_266' title='bbox 1444 1889 1714 1929; x_wconf 90' lang='lat' dir='ltr'>communire.</span> 
     </span>
     <span class='ocr_line' id='line_1_33' title="bbox 334 1945 1718 2000; baseline -0.001 -14"><span class='ocrx_word' id='word_1_267' title='bbox 334 1946 416 1987; x_wconf 84' lang='lat' dir='ltr'>Sex</span> <span class='ocrx_word' id='word_1_268' title='bbox 439 1946 568 1987; x_wconf 82' lang='lat' dir='ltr'>millia</span> <span class='ocrx_word' id='word_1_269' title='bbox 595 1955 845 1986; x_wconf 83' lang='lat' dir='ltr'>armatorum</span> <span class='ocrx_word' id='word_1_270' title='bbox 871 1946 1091 1994; x_wconf 88' lang='lat' dir='ltr'>habebant,</span> <span class='ocrx_word' id='word_1_271' title='bbox 1114 1945 1299 2000; x_wconf 88' lang='lat' dir='ltr'>peditem</span> <span class='ocrx_word' id='word_1_272' title='bbox 1328 1945 1564 1985; x_wconf 88' lang='lat' dir='ltr'>imbellem:</span> <span class='ocrx_word' id='word_1_273' title='bbox 1599 1945 1718 2000; x_wconf 89' lang='lat' dir='ltr'>equi-</span> 
     </span>
     <span class='ocr_line' id='line_1_34' title="bbox 331 2002 1718 2058; baseline 0 -15"><span class='ocrx_word' id='word_1_274' title='bbox 331 2012 419 2043; x_wconf 85' lang='lat' dir='ltr'>tatu</span> <span class='ocrx_word' id='word_1_275' title='bbox 440 2003 532 2058; x_wconf 91' lang='lat' dir='ltr'>plus</span> <span class='ocrx_word' id='word_1_276' title='bbox 554 2011 772 2058; x_wconf 76' lang='lat' dir='ltr'>poterant·</span> <span class='ocrx_word' id='word_1_277' title='bbox 807 2003 948 2057; x_wconf 85' lang='lat' dir='ltr'>itaque</span> <span class='ocrx_word' id='word_1_278' title='bbox 977 2002 1237 2057; x_wconf 84' lang='lat' dir='ltr'>equestribus</span> <span class='ocrx_word' id='word_1_279' title='bbox 1265 2002 1432 2057; x_wconf 81' lang='lat' dir='ltr'>pioeliis</span> <span class='ocrx_word' id='word_1_280' title='bbox 1462 2002 1718 2043; x_wconf 80' lang='lat' dir='ltr'>lacessebant</span> 
     </span>
     <span class='ocr_line' id='line_1_35' title="bbox 330 2058 1718 2115; baseline -0.001 -15"><span class='ocrx_word' id='word_1_281' title='bbox 330 2060 504 2100; x_wconf 88' lang='lat' dir='ltr'>hostem.</span> <span class='ocrx_word' id='word_1_282' title='bbox 569 2059 685 2100; x_wconf 84' lang='lat' dir='ltr'>Inter</span> <span class='ocrx_word' id='word_1_283' title='bbox 706 2059 857 2099; x_wconf 90' lang='lat' dir='ltr'>multos</span> <span class='ocrx_word' id='word_1_284' title='bbox 885 2059 1045 2099; x_wconf 85' lang='lat' dir='ltr'>nobiles</span> <span class='ocrx_word' id='word_1_285' title='bbox 1067 2059 1228 2114; x_wconf 86' lang='lat' dir='ltr'>equites</span> <span class='ocrx_word' id='word_1_286' title='bbox 1253 2060 1492 2115; x_wconf 86' lang='lat' dir='ltr'>Campanos</span> <span class='ocrx_word' id='word_1_287' title='bbox 1517 2058 1718 2100; x_wconf 90' lang='lat' dir='ltr'>Cerrinus</span> 
     </span>
     <span class='ocr_line' id='line_1_36' title="bbox 331 2115 1749 2171; baseline -0.001 -14"><span class='ocrx_word' id='word_1_288' title='bbox 331 2116 531 2157; x_wconf 89' lang='lat' dir='ltr'>Iubellius</span> <span class='ocrx_word' id='word_1_289' title='bbox 567 2126 666 2165; x_wconf 87' lang='lat' dir='ltr'>erat,</span> <span class='ocrx_word' id='word_1_290' title='bbox 704 2116 951 2171; x_wconf 90' lang='lat' dir='ltr'>cognomine</span> <span class='ocrx_word' id='word_1_291' title='bbox 989 2116 1166 2156; x_wconf 81' lang='grc' dir='ltr'><strong>(1Γ1111·03.</strong></span> <span class='ocrx_word' id='word_1_292' title='bbox 1231 2115 1347 2156; x_wconf 84' lang='lat' dir='ltr'>Civis</span> <span class='ocrx_word' id='word_1_293' title='bbox 1386 2116 1575 2156; x_wconf 86' lang='lat' dir='ltr'>indidem</span> <span class='ocrx_word' id='word_1_294' title='bbox 1615 2124 1749 2165; x_wconf 88' lang='lat' dir='ltr'>erat,4</span> 
     </span>
     <span class='ocr_line' id='line_1_37' title="bbox 330 2172 1715 2228; baseline -0.001 -15"><span class='ocrx_word' id='word_1_295' title='bbox 330 2173 453 2228; x_wconf 87' lang='lat' dir='ltr'>longe</span> <span class='ocrx_word' id='word_1_296' title='bbox 487 2174 675 2214; x_wconf 88' lang='lat' dir='ltr'>omnium</span> <span class='ocrx_word' id='word_1_297' title='bbox 710 2173 1023 2228; x_wconf 83' lang='lat' dir='ltr'>Campanorum</span> <span class='ocrx_word' id='word_1_298' title='bbox 1053 2173 1297 2213; x_wconf 82' lang='lat' dir='ltr'>fortissimus</span> <span class='ocrx_word' id='word_1_299' title='bbox 1328 2188 1482 2227; x_wconf 87' lang='lat' dir='ltr'>eques:</span> <span class='ocrx_word' id='word_1_300' title='bbox 1518 2172 1622 2212; x_wconf 88' lang='lat' dir='ltr'>adeo</span> <span class='ocrx_word' id='word_1_301' title='bbox 1656 2181 1715 2222; x_wconf 87' lang='lat' dir='ltr'>ut,</span> 
     </span>
     <span class='ocr_line' id='line_1_38' title="bbox 330 2228 1717 2285; baseline -0.001 -15"><span class='ocrx_word' id='word_1_302' title='bbox 330 2245 461 2285; x_wconf 91' lang='lat' dir='ltr'>quum</span> <span class='ocrx_word' id='word_1_303' title='bbox 487 2231 598 2285; x_wconf 85' lang='lat' dir='ltr'>apud</span> <span class='ocrx_word' id='word_1_304' title='bbox 621 2230 834 2270; x_wconf 83' lang='lat' dir='ltr'>Romanos</span> <span class='ocrx_word' id='word_1_305' title='bbox 862 2229 1070 2278; x_wconf 87' lang='lat' dir='ltr'>militaret,</span> <span class='ocrx_word' id='word_1_306' title='bbox 1094 2244 1201 2269; x_wconf 91' lang='lat' dir='ltr'>unus</span> <span class='ocrx_word' id='word_1_307' title='bbox 1228 2244 1325 2269; x_wconf 87' lang='lat' dir='ltr'>eum</span> <span class='ocrx_word' id='word_1_308' title='bbox 1348 2229 1564 2269; x_wconf 80' lang='lat' dir='ltr'>Romanus</span> <span class='ocrx_word' id='word_1_309' title='bbox 1588 2228 1717 2270; x_wconf 91' lang='lat' dir='ltr'>Clau-</span> 
     </span>
     <span class='ocr_line' id='line_1_39' title="bbox 329 2285 1747 2342; baseline -0.001 -15"><span class='ocrx_word' id='word_1_310' title='bbox 329 2287 422 2327; x_wconf 90' lang='lat' dir='ltr'>dius</span> <span class='ocrx_word' id='word_1_311' title='bbox 445 2287 611 2327; x_wconf 88' lang='lat' dir='ltr'>Asellus</span> <span class='ocrx_word' id='word_1_312' title='bbox 638 2287 769 2342; x_wconf 89' lang='lat' dir='ltr'>gloria</span> <span class='ocrx_word' id='word_1_313' title='bbox 795 2286 978 2341; x_wconf 90' lang='lat' dir='ltr'>equestri</span> <span class='ocrx_word' id='word_1_314' title='bbox 1005 2296 1213 2340; x_wconf 73' lang='lat' dir='ltr'>aequaret,</span> <span class='ocrx_word' id='word_1_315' title='bbox 1278 2285 1362 2326; x_wconf 92' lang='lat' dir='ltr'>Hic</span> <span class='ocrx_word' id='word_1_316' title='bbox 1385 2286 1561 2334; x_wconf 85' lang='lat' dir='ltr'>Taurea,</span> <span class='ocrx_word' id='word_1_317' title='bbox 1585 2301 1716 2341; x_wconf 89' lang='lat' dir='ltr'>quum</span> <span class='ocrx_word' id='word_1_318' title='bbox 1730 2303 1747 2334; x_wconf 89' lang='lat'>5</span> 
     </span>
    </p>
   </div>
   <div class='ocr_carea' id='block_1_3' title="bbox 122 1500 302 1583">
    <p class='ocr_par' dir='ltr' id='par_1_5' title="bbox 122 1500 292 1583">
     <span class='ocr_line' id='line_1_40' title="bbox 122 1500 274 1537; baseline -0.02 -4"><span class='ocrx_word' id='word_1_319' title='bbox 122 1502 165 1537; x_wconf 83' lang='lat' dir='ltr'><strong>Q.</strong></span> <span class='ocrx_word' id='word_1_320' title='bbox 184 1500 274 1531; x_wconf 82' lang='lat' dir='ltr'>Fabii</span> 
     </span>
     <span class='ocr_line' id='line_1_41' title="bbox 122 1547 302 1583; baseline 0 -9"><span class='ocrx_word' id='word_1_321' title='bbox 122 1554 170 1574; x_wconf 83' lang='grc'>105</span> <span class='ocrx_word' id='word_1_322' title='bbox 184 1547 302 1583; x_wconf 74' lang='lat' dir='ltr'>gestae.</span> 
     </span>
    </p>
   </div>
   <div class='ocr_carea' id='block_1_4' title="bbox 123 2071 283 2144">
    <p class='ocr_par' dir='ltr' id='par_1_6' title="bbox 123 2071 283 2144">
     <span class='ocr_line' id='line_1_42' title="bbox 124 2071 283 2101; baseline -0.006 0"><span class='ocrx_word' id='word_1_323' title='bbox 124 2071 283 2101; x_wconf 72' lang='lat' dir='ltr'>Iubellius</span> 
     </span>
     <span class='ocr_line' id='line_1_43' title="bbox 123 2114 259 2144; baseline 0 -1"><span class='ocrx_word' id='word_1_324' title='bbox 123 2114 259 2144; x_wconf 82' lang='lat' dir='ltr'>Taurea.</span> 
     </span>
    </p>
   </div>
   <div class='ocr_carea' id='block_1_5' title="bbox 332 2428 1002 2805">
    <p class='ocr_par' dir='ltr' id='par_1_7' title="bbox 332 2428 1002 2669">
     <span class='ocr_line' id='line_1_44' title="bbox 381 2428 1001 2469; baseline -0.005 -9"><span class='ocrx_word' id='word_1_325' title='bbox 381 2441 398 2469; x_wconf 79' lang='lat'>3</span> <span class='ocrx_word' id='word_1_326' title='bbox 422 2432 476 2460; x_wconf 81' lang='lat' dir='ltr'>Ad</span> <span class='ocrx_word' id='word_1_327' title='bbox 499 2431 670 2460; x_wconf 71' lang='lat' dir='ltr'>tutandum</span> <span class='ocrx_word' id='word_1_328' title='bbox 694 2428 811 2468; x_wconf 82' lang='lat' dir='ltr'>locum]</span> <span class='ocrx_word' id='word_1_329' title='bbox 852 2428 1001 2467; x_wconf 86' lang='lat' dir='ltr'>Plerique</span> 
     </span>
     <span class='ocr_line' id='line_1_45' title="bbox 332 2470 1002 2512; baseline -0.003 -10"><span class='ocrx_word' id='word_1_330' title='bbox 332 2473 441 2512; x_wconf 86' lang='lat' dir='ltr'>scripti</span> <span class='ocrx_word' id='word_1_331' title='bbox 456 2474 499 2502; x_wconf 81' lang='lat' dir='ltr'>ad</span> <span class='ocrx_word' id='word_1_332' title='bbox 512 2473 692 2511; x_wconf 76' lang='lat' dir='ltr'>petendum.</span> <span class='ocrx_word' id='word_1_333' title='bbox 740 2471 835 2502; x_wconf 85' lang='lat' dir='ltr'>Unus</span> <span class='ocrx_word' id='word_1_334' title='bbox 853 2481 870 2501; x_wconf 87' lang='lat' dir='ltr'>e</span> <span class='ocrx_word' id='word_1_335' title='bbox 889 2470 1002 2500; x_wconf 84' lang='lat' dir='ltr'>nostris</span> 
     </span>
     <span class='ocr_line' id='line_1_46' title="bbox 332 2515 1001 2553; baseline -0.001 -9"><span class='ocrx_word' id='word_1_336' title='bbox 332 2516 374 2544; x_wconf 75' lang='lat' dir='ltr'>acl</span> <span class='ocrx_word' id='word_1_337' title='bbox 399 2516 591 2545; x_wconf 75' lang='lat' dir='ltr'>tenendam:</span> <span class='ocrx_word' id='word_1_338' title='bbox 622 2515 707 2553; x_wconf 86' lang='lat' dir='ltr'>quod</span> <span class='ocrx_word' id='word_1_339' title='bbox 733 2524 842 2543; x_wconf 75' lang='lat' dir='ltr'>verum</span> <span class='ocrx_word' id='word_1_340' title='bbox 869 2516 938 2544; x_wconf 81' lang='lat' dir='ltr'>est:</span> <span class='ocrx_word' id='word_1_341' title='bbox 970 2516 1001 2543; x_wconf 78' lang='lat' dir='ltr'>et</span> 
     </span>
     <span class='ocr_line' id='line_1_47' title="bbox 334 2556 1000 2595; baseline -0.003 -9"><span class='ocrx_word' id='word_1_342' title='bbox 334 2560 538 2595; x_wconf 81' lang='lat' dir='ltr'>praeceperat</span> <span class='ocrx_word' id='word_1_343' title='bbox 570 2557 634 2587; x_wconf 84' lang='lat' dir='ltr'>iam</span> <span class='ocrx_word' id='word_1_344' title='bbox 665 2556 848 2586; x_wconf 88' lang='lat' dir='ltr'>coniectura</span> <span class='ocrx_word' id='word_1_345' title='bbox 877 2556 1000 2585; x_wconf 86' lang='lat' dir='ltr'>Grono-</span> 
     </span>
     <span class='ocr_line' id='line_1_48' title="bbox 333 2597 1001 2637; baseline 0.001 -12"><span class='ocrx_word' id='word_1_346' title='bbox 333 2598 409 2628; x_wconf 76' lang='lat' dir='ltr'>vius.</span> <span class='ocrx_word' id='word_1_347' title='bbox 437 2599 541 2630; x_wconf 73' lang='lat' dir='ltr'>CREV.</span> <span class='ocrx_word' id='word_1_348' title='bbox 585 2600 640 2629; x_wconf 73' lang='lat' dir='ltr'>Ad</span> <span class='ocrx_word' id='word_1_349' title='bbox 664 2599 835 2629; x_wconf 76' lang='lat' dir='ltr'>tenendum</span> <span class='ocrx_word' id='word_1_350' title='bbox 860 2597 1001 2637; x_wconf 87' lang='lat' dir='ltr'>reposuit</span> 
     </span>
     <span class='ocr_line' id='line_1_49' title="bbox 335 2639 473 2669; baseline 0.014 -2"><span class='ocrx_word' id='word_1_351' title='bbox 335 2639 473 2669; x_wconf 85' lang='lat' dir='ltr'>Bekker.</span> 
     </span>
    </p>

    <p class='ocr_par' dir='ltr' id='par_1_8' title="bbox 335 2681 1000 2805">
     <span class='ocr_line' id='line_1_50' title="bbox 378 2681 1000 2721; baseline 0.003 -12"><span class='ocrx_word' id='word_1_352' title='bbox 378 2692 395 2717; x_wconf 84' lang='lat'>4</span> <span class='ocrx_word' id='word_1_353' title='bbox 413 2681 498 2710; x_wconf 70' lang='lat' dir='ltr'>Civis</span> <span class='ocrx_word' id='word_1_354' title='bbox 513 2683 650 2713; x_wconf 72' lang='lat' dir='ltr'>indidem</span> <span class='ocrx_word' id='word_1_355' title='bbox 665 2681 752 2721; x_wconf 82' lang='lat' dir='ltr'>erat]</span> <span class='ocrx_word' id='word_1_356' title='bbox 770 2683 915 2713; x_wconf 80' lang='lat' dir='ltr'>Indidem</span> <span class='ocrx_word' id='word_1_357' title='bbox 931 2691 1000 2720; x_wconf 88' lang='lat' dir='ltr'>pro-</span> 
     </span>
     <span class='ocr_line' id='line_1_51' title="bbox 336 2721 1000 2761; baseline 0.006 -11"><span class='ocrx_word' id='word_1_358' title='bbox 336 2721 402 2759; x_wconf 84' lang='lat' dir='ltr'>prie</span> <span class='ocrx_word' id='word_1_359' title='bbox 425 2726 472 2751; x_wconf 82' lang='lat' dir='ltr'>est</span> <span class='ocrx_word' id='word_1_360' title='bbox 495 2723 692 2754; x_wconf 83' lang='lat' dir='ltr'>Graecorum</span> <span class='ocrx_word' id='word_1_361' title='bbox 715 2723 853 2761; x_wconf 78' lang='grc' dir='ltr'><strong>αὕτοθεν,</strong></span> <span class='ocrx_word' id='word_1_362' title='bbox 872 2728 907 2753; x_wconf 88' lang='lat' dir='ltr'>ut</span> <span class='ocrx_word' id='word_1_363' title='bbox 930 2723 1000 2754; x_wconf 89' lang='lat' dir='ltr'>infr.</span> 
     </span>
     <span class='ocr_line' id='line_1_52' title="bbox 335 2764 1000 2805; baseline 0.006 -14"><span class='ocrx_word' id='word_1_364' title='bbox 335 2772 408 2793; x_wconf 81' lang='lat' dir='ltr'><strong>xxv.</strong></span> <span class='ocrx_word' id='word_1_365' title='bbox 430 2771 475 2802; x_wconf 85' lang='lat'>15.</span> <span class='ocrx_word' id='word_1_366' title='bbox 499 2764 595 2796; x_wconf 84' lang='lat' dir='ltr'>xxvii.</span> <span class='ocrx_word' id='word_1_367' title='bbox 616 2775 660 2795; x_wconf 82' lang='lat'>12.</span> <span class='ocrx_word' id='word_1_368' title='bbox 709 2766 783 2796; x_wconf 86' lang='lat' dir='ltr'>Hoc</span> <span class='ocrx_word' id='word_1_369' title='bbox 800 2766 870 2797; x_wconf 82' lang='lat' dir='ltr'>loco</span> <span class='ocrx_word' id='word_1_370' title='bbox 886 2764 1000 2805; x_wconf 83' lang='lat' dir='ltr'>signifi-</span> 
     </span>
    </p>
   </div>
   <div class='ocr_carea' id='block_1_6' title="bbox 1044 2428 1716 2797">
    <p class='ocr_par' dir='ltr' id='par_1_9' title="bbox 1046 2428 1716 2551">
     <span class='ocr_line' id='line_1_53' title="bbox 1046 2428 1716 2468; baseline 0 -10"><span class='ocrx_word' id='word_1_371' title='bbox 1046 2432 1109 2465; x_wconf 79' lang='lat' dir='ltr'>cat,</span> <span class='ocrx_word' id='word_1_372' title='bbox 1135 2428 1310 2459; x_wconf 85' lang='lat' dir='ltr'>Iubellium</span> <span class='ocrx_word' id='word_1_373' title='bbox 1340 2439 1379 2458; x_wconf 86' lang='lat' dir='ltr'>ex</span> <span class='ocrx_word' id='word_1_374' title='bbox 1403 2430 1515 2459; x_wconf 85' lang='lat' dir='ltr'>eadem</span> <span class='ocrx_word' id='word_1_375' title='bbox 1539 2429 1600 2458; x_wconf 83' lang='lat' dir='ltr'>hac</span> <span class='ocrx_word' id='word_1_376' title='bbox 1621 2432 1716 2468; x_wconf 86' lang='lat' dir='ltr'>gente</span> 
     </span>
     <span class='ocr_line' id='line_1_54' title="bbox 1046 2471 1715 2502; baseline 0.001 -2"><span class='ocrx_word' id='word_1_377' title='bbox 1046 2471 1216 2501; x_wconf 86' lang='lat' dir='ltr'>oriundum</span> <span class='ocrx_word' id='word_1_378' title='bbox 1248 2471 1411 2501; x_wconf 81' lang='lat' dir='ltr'>civitatem</span> <span class='ocrx_word' id='word_1_379' title='bbox 1432 2472 1616 2502; x_wconf 82' lang='lat' dir='ltr'>Romanam</span> <span class='ocrx_word' id='word_1_380' title='bbox 1641 2471 1715 2501; x_wconf 85' lang='lat' dir='ltr'>ade-</span> 
     </span>
     <span class='ocr_line' id='line_1_55' title="bbox 1046 2516 1231 2551; baseline 0.016 -10"><span class='ocrx_word' id='word_1_381' title='bbox 1046 2516 1138 2551; x_wconf 85' lang='lat' dir='ltr'>ptum</span> <span class='ocrx_word' id='word_1_382' title='bbox 1155 2523 1231 2544; x_wconf 80' lang='lat' dir='ltr'>esse.</span> 
     </span>
    </p>

    <p class='ocr_par' dir='ltr' id='par_1_10' title="bbox 1044 2555 1714 2797">
     <span class='ocr_line' id='line_1_56' title="bbox 1089 2555 1714 2594; baseline -0.002 -9"><span class='ocrx_word' id='word_1_383' title='bbox 1089 2564 1105 2594; x_wconf 78' lang='grc'><strong>5</strong></span> <span class='ocrx_word' id='word_1_384' title='bbox 1130 2557 1196 2586; x_wconf 71' lang='lat' dir='ltr'>Hic</span> <span class='ocrx_word' id='word_1_385' title='bbox 1214 2556 1357 2593; x_wconf 82' lang='lat' dir='ltr'>Taurea]</span> <span class='ocrx_word' id='word_1_386' title='bbox 1386 2557 1487 2585; x_wconf 81' lang='lat' dir='ltr'><em>IIunc</em></span> <span class='ocrx_word' id='word_1_387' title='bbox 1506 2556 1632 2586; x_wconf 82' lang='lat' dir='ltr'>Taurea</span> <span class='ocrx_word' id='word_1_388' title='bbox 1648 2555 1714 2593; x_wconf 86' lang='lat' dir='ltr'>ple-</span> 
     </span>
     <span class='ocr_line' id='line_1_57' title="bbox 1044 2597 1714 2636; baseline 0 -10"><span class='ocrx_word' id='word_1_389' title='bbox 1044 2597 1146 2636; x_wconf 85' lang='lat' dir='ltr'>rique,</span> <span class='ocrx_word' id='word_1_390' title='bbox 1156 2598 1209 2636; x_wconf 89' lang='lat' dir='ltr'>qui</span> <span class='ocrx_word' id='word_1_391' title='bbox 1223 2597 1439 2627; x_wconf 82' lang='lat' dir='ltr'>accusativum</span> <span class='ocrx_word' id='word_1_392' title='bbox 1452 2599 1538 2627; x_wconf 77' lang='lat' dir='ltr'>hune</span> <span class='ocrx_word' id='word_1_393' title='bbox 1551 2607 1623 2626; x_wconf 87' lang='lat' dir='ltr'>cum</span> <span class='ocrx_word' id='word_1_394' title='bbox 1638 2606 1714 2626; x_wconf 88' lang='lat' dir='ltr'>voce</span> 
     </span>
     <span class='ocr_line' id='line_1_58' title="bbox 1045 2639 1714 2679; baseline -0.001 -11"><span class='ocrx_word' id='word_1_395' title='bbox 1045 2641 1202 2679; x_wconf 74' lang='lat' dir='ltr'>quaesivit</span> <span class='ocrx_word' id='word_1_396' title='bbox 1222 2640 1417 2678; x_wconf 84' lang='lat' dir='ltr'>iungendum</span> <span class='ocrx_word' id='word_1_397' title='bbox 1443 2642 1584 2669; x_wconf 82' lang='lat' dir='ltr'>monent.</span> <span class='ocrx_word' id='word_1_398' title='bbox 1626 2639 1714 2667; x_wconf 83' lang='lat' dir='ltr'>Tunc</span> 
     </span>
     <span class='ocr_line' id='line_1_59' title="bbox 1048 2679 1713 2718; baseline -0.005 -7"><span class='ocrx_word' id='word_1_399' title='bbox 1048 2683 1175 2712; x_wconf 78' lang='lat' dir='ltr'>Taurea</span> <span class='ocrx_word' id='word_1_400' title='bbox 1201 2692 1240 2712; x_wconf 83' lang='lat' dir='ltr'>ex</span> <span class='ocrx_word' id='word_1_401' title='bbox 1269 2682 1401 2711; x_wconf 84' lang='lat' dir='ltr'>coniect.</span> <span class='ocrx_word' id='word_1_402' title='bbox 1428 2680 1569 2711; x_wconf 82' lang='lat' dir='ltr'>Walchii</span> <span class='ocrx_word' id='word_1_403' title='bbox 1593 2679 1713 2718; x_wconf 81' lang='lat' dir='ltr'>recepit</span> 
     </span>
     <span class='ocr_line' id='line_1_60' title="bbox 1048 2723 1713 2763; baseline -0.002 -11"><span class='ocrx_word' id='word_1_404' title='bbox 1048 2723 1186 2754; x_wconf 84' lang='lat' dir='ltr'>Bekker.</span> <span class='ocrx_word' id='word_1_405' title='bbox 1220 2724 1281 2754; x_wconf 87' lang='lat' dir='ltr'>Sed</span> <span class='ocrx_word' id='word_1_406' title='bbox 1298 2725 1405 2763; x_wconf 86' lang='lat' dir='ltr'>plures</span> <span class='ocrx_word' id='word_1_407' title='bbox 1422 2732 1487 2754; x_wconf 84' lang='lat' dir='ltr'><strong>MSS.</strong></span> <span class='ocrx_word' id='word_1_408' title='bbox 1504 2724 1569 2753; x_wconf 79' lang='lat' dir='ltr'>Hic</span> <span class='ocrx_word' id='word_1_409' title='bbox 1587 2723 1713 2752; x_wconf 80' lang='lat' dir='ltr'>Taurea</span> 
     </span>
     <span class='ocr_line' id='line_1_61' title="bbox 1045 2765 1174 2797; baseline 0.008 -2"><span class='ocrx_word' id='word_1_410' title='bbox 1045 2765 1174 2797; x_wconf 86' lang='lat' dir='ltr'>habent.</span> 
     </span>
    </p>
   </div>
  </div>
 </body>
</html>
