1877 3178
186 188 285 219 U.C.
309 188 381 226 548.

185 231 223 261 A
248 231 286 261 C.
310 239 381 268 ²04·

188 642 345 681 Equestre

188 685 357 724 proelium.

194 1544 380 1574 Vincuntur

193 1586 358 1626 Carthagi-

193 1639 328 1660 menses.

259 1996 327 2034 35.

393 95 477 134 496
911 92 1056 133 TITI
1100 93 1137 132 1
1146 92 1277 133 IVII

396 181 660 222 Masinissam
697 196 792 222 cum
829 182 1019 236 equitatu
1051 181 1323 236 praemissum
1358 183 1486 237 portis
1523 183 1778 248 obequitare,

394 247 519 293 atque
540 238 703 279 hostem
729 238 782 278 ad
807 253 992 302 pugnam
1018 238 1181 287 elicere,
1204 238 1345 279 iubet:
1380 239 1450 279 ubi
1479 240 1612 280 omnis
1640 239 1780 280 multi-

395 295 496 336 tudo
518 310 560 336 se
582 295 807 343 effudisset,
829 295 1075 350 graviorque
1097 295 1178 335 iam
1200 295 1243 334 in
1265 295 1490 336 certamine
1512 305 1630 342 esset,
1653 311 1777 351 quam

396 361 443 392 ut
462 351 582 392 facile
605 352 797 392 sustineri
818 360 969 406 posset,
992 351 1160 391 cederet
1181 351 1423 406 paullatim3
1456 367 1498 392 se
1524 352 1568 392 in
1593 361 1778 408 tempore

396 423 561 464 pugnae
602 409 892 448 obventurum.
955 408 1142 448 Tantum
1192 416 1386 457 moratus,
1429 417 1633 463 quantum
1683 409 1811 449 satis6

396 465 593 520 temporis
624 480 862 529 praegresso
890 464 1023 505 visum
1054 464 1111 504 ad
1141 464 1367 505 eliciendos
1397 464 1547 514 hostes,
1570 480 1666 506 cum
1692 465 1780 506 Ro-

397 536 520 562 mano
551 522 742 577 equitatu
773 530 950 569 secutus,
977 521 1215 576 tegentibus
1246 521 1428 570 tumulis,
1451 522 1523 576 qui
1554 536 1779 577 peroppor-

398 588 497 619 tune
531 593 640 618 cuca
671 593 760 619 Viae
794 578 927 618 flexus
962 577 1141 633 oppositi
1177 586 1308 626 erant,
1346 577 1533 618 occultus
1568 578 1777 642 processit.

398 634 633 684 Masinissa,
675 650 727 675 ex
768 635 1009 690 composito,
1047 649 1159 675 nunc
1200 634 1405 683 terrentis,
1442 649 1555 675 nunc
1596 635 1780 675 timentis

398 692 536 739 modo,
573 700 645 732 aut
684 691 782 746 ipsis
818 692 1087 746 obequitabat
1122 691 1266 746 portis,
1302 700 1374 731 aut
1409 691 1611 740 cedendo,
1649 706 1779 746 quum

398 748 556 789 timoris
583 748 791 788 simulatio
820 748 1034 788 audaciam
1066 748 1175 788 hosti
1204 748 1369 796 faceret,
1392 748 1445 788 ad
1473 747 1779 802 insequendum

398 815 553 845 temere
583 804 784 845 eliciebat.
848 804 1053 845 Nondum
1082 819 1225 845 omnes
1253 804 1404 859 egressi
1432 813 1562 853 erant,
1584 804 1779 859 varieque

397 862 485 902 dux
505 861 766 916 fatigabatur,
789 861 889 901 alios
909 861 1007 901 vino
1029 870 1070 901 et
1091 876 1236 901 somno
1256 876 1400 916 graves
1421 876 1534 901 arma
1554 876 1715 916 capere,
1738 869 1781 901 et

397 919 557 958 frenare
590 932 721 981 equos
755 917 957 980 cogendo,
990 917 1092 965 aliis,
1123 933 1176 957 ne
1212 917 1340 972 sparsi
1375 927 1417 957 et
1452 917 1656 958 inconditi
1691 917 1780 958 sine

398 974 558 1022 ordine,
581 974 668 1013 sine
691 973 818 1027 slgnis
847 974 1040 1013 omnibus
1068 974 1197 1028 portis
1225 982 1505 1022 excurrerent,
1528 974 1777 1014 obsistendo.

398 1030 540 1070 Primo
576 1030 742 1070 incaute
780 1044 822 1070 se
859 1030 1085 1070 evehentes
1124 1029 1345 1070 Masinissa
1378 1030 1637 1084 excipiebat:
1682 1045 1780 1071 mox

398 1086 536 1142 plures
569 1086 692 1126 simul
723 1086 899 1127 conferti
929 1094 1050 1141 porta
1079 1086 1199 1127 effusi
1231 1094 1510 1141 aequaverant
1541 1095 1777 1127 certamen:

398 1153 620 1198 postremo,
644 1143 724 1183 iam
754 1143 888 1183 omnis
916 1143 1127 1198 equitatus
1154 1143 1311 1198 proelio
1340 1158 1471 1198 quum
1498 1143 1672 1192 adesset,
1694 1158 1782 1184 sus-

400 1200 524 1240 tineri
555 1199 662 1240 ultra
693 1201 904 1254 nequiere.
969 1199 1069 1240 Non
1100 1208 1240 1240 tamen
1271 1200 1400 1240 effusa
1422 1199 1521 1255 fuga
1547 1199 1780 1248 Masinissa,

399 1257 473 1297 sed
494 1256 683 1297 cedendo
705 1256 870 1305 sensim,
893 1257 1073 1311 impetus
1101 1271 1244 1297 eorum
1274 1256 1534 1312 excipiebat:
1567 1256 1701 1297 donec
1729 1256 1783 1297 ad

400 1312 582 1354 tumulos
623 1321 809 1368 tegentes
846 1313 1087 1353 Romanum
1128 1313 1360 1367 equitatum
1400 1313 1613 1368 pertraxit.
1675 1312 1781 1353 Inde

399 1370 534 1410 exorti
559 1370 733 1424 equites,
757 1378 796 1410 et
825 1370 902 1424 ipsi
930 1370 1103 1424 integris
1123 1369 1291 1418 viribus,
1315 1378 1357 1410 et
1384 1370 1620 1410 recentibus
1649 1370 1780 1424 equis,

402 1426 604 1466 Hannoni
627 1426 823 1481 Afrisque
845 1426 1072 1481 pugnando
1098 1441 1144 1466 ac
1170 1426 1384 1481 sequendo
1405 1425 1520 1466 fessis
1541 1441 1583 1466 se
1606 1425 1783 1466 circum-

400 1483 544 1523 fudere
562 1499 571 1523 z
606 1491 647 1523 et
668 1482 901 1531 Masinissa,
923 1483 1042 1523 flexis
1063 1483 1200 1523 subito
1222 1483 1353 1537 equis,
1375 1483 1417 1522 in
1440 1497 1623 1538 pugnam
1645 1482 1780 1523 rediit.

403 1539 524 1580 Mille
556 1539 698 1588 ferme,
731 1540 803 1594 qui
837 1540 960 1594 primi
996 1539 1172 1594 agminis
1203 1539 1380 1588 fuerant,
1414 1548 1460 1579 ut
1490 1539 1641 1594 quibus
1671 1538 1785 1580 haud

401 1595 531 1636 facilis
571 1606 761 1651 receptus
796 1596 887 1645 fuit,
919 1611 1014 1636 cum
1055 1596 1144 1651 ipso
1180 1595 1285 1636 duce
1324 1595 1535 1636 Hannone
1573 1595 1784 1636 interclusi

403 1661 528 1707 atque
568 1652 775 1692 interfecti
811 1660 917 1692 sunt.
983 1651 1171 1701 Ceteros,
1208 1652 1326 1693 ducis
1362 1652 1583 1708 praecipue
1620 1652 1784 1692 territos

402 1708 543 1757 caede,
580 1709 707 1748 effuse
743 1708 950 1763 fugientes
986 1723 1061 1763 per
1100 1709 1179 1748 tria
1213 1709 1343 1749 millia
1377 1723 1572 1764 passuum
1607 1709 1816 1756 victores7

403 1765 546 1814 secuti,
569 1764 622 1805 ad
649 1765 734 1805 duo
762 1772 975 1819 praeterea
1003 1764 1131 1804 millia
1159 1765 1349 1819 equitum
1377 1774 1449 1805 aut
1477 1773 1690 1820 ceperunt,
1712 1774 1785 1805 aut

403 1821 657 1862 occiderunt.
719 1820 836 1861 Inter
856 1836 926 1861 eos
947 1821 1042 1861 satis
1068 1822 1294 1870 constabat,
1316 1836 1401 1861 non
1423 1821 1560 1861 minus
1581 1821 1784 1862 ducentos

407 1877 816 1933 Carthaginiensium
857 1877 1019 1932 equites
1058 1877 1195 1926 fuisse,
1232 1886 1275 1918 et
1314 1877 1469 1918 divitiis
1505 1877 1706 1932 quosdam
1743 1886 1785 1919 et

403 1950 556 1989 genere
578 1934 767 1975 illustres.

463 1990 625 2031 Eodem
647 1990 764 2039 forte,
788 2005 871 2046 quo
892 1990 994 2031 haec
1015 1998 1130 2045 gesta
1154 1999 1263 2039 sunt,
1285 1990 1353 2031 die
1379 2005 1516 2039 naves,
1539 2005 1645 2046 quae
1666 2005 1784 2046 prae-

404 2048 500 2088 dam
528 2047 572 2087 in
607 2047 789 2088 Siciliam
820 2056 1032 2096 vexerant,
1063 2062 1158 2087 cum
1186 2056 1421 2088 commeatu
1448 2047 1634 2095 rediere3
1671 2047 1786 2088 velut

404 2104 624 2152 ominatae,
659 2103 712 2144 ad
747 2103 943 2159 praedam
976 2103 1148 2144 alteram
1180 2104 1450 2159 repetendam
1486 2118 1573 2144 sese
1608 2104 1782 2144 venisse.

404 2161 525 2201 Duos
569 2160 717 2201 eodem
767 2175 935 2200 nomme
984 2159 1394 2215 Carthaginiensium
1445 2160 1572 2200 duces
1621 2160 1784 2200 duobus

404 2217 664 2271 equestribus
691 2216 856 2272 proeliis
885 2195 1243 2265 i11terfeetos,011011
1272 2231 1415 2256 omnes
1443 2225 1630 2256 auctores
1660 2225 1781 2256 sunt:

405 2273 537 2322 veriti,
575 2273 712 2321 credo,
746 2288 799 2313 ne
835 2272 995 2313 falleret
1029 2273 1092 2313 bis
1127 2272 1257 2313 relata
1291 2272 1438 2313 eadem
1473 2287 1549 2313 res.
1614 2271 1816 2313 Coelius8

405 2330 576 2384 quidem
597 2339 639 2370 et
659 2329 851 2370 Valerius
871 2337 1039 2384 captum
1060 2329 1186 2369 etiam
1210 2328 1464 2369 Hannonem
1486 2329 1667 2369 tradunt.
1796 2347 1816 2377 9

447 2433 466 2464 6
491 2436 653 2471 Quantum
687 2435 765 2464 satis
798 2434 945 2472 temporis
976 2443 1069 2471 prae·
1115 2436 1179 2462 tem
1193 2443 1255 2472 per
1272 2434 1335 2462 tria
1347 2433 1449 2462 millia
1461 2442 1611 2471 passuum
1623 2432 1786 2462 insecutus

400 2486 507 2513 yresso
529 2477 648 2513 visum]
676 2476 845 2511 Quantum
867 2475 1001 2504 credidit
1025 2485 1070 2504 sa·
1116 2474 1165 2504 sit.
1208 2475 1271 2505 Sed
1283 2474 1446 2505 Drakenb.
1458 2477 1489 2504 et
1500 2474 1638 2505 Crevier.
1651 2475 1785 2512 triyinta

406 2517 446 2546 tis
468 2528 535 2547 esse
561 2517 725 2556 temporis,
751 2521 786 2547 ut
812 2516 993 2553 Masinissa,
1018 2516 1072 2554 qui
1117 2526 1181 2545 non
1197 2516 1384 2552 admittunt,
1397 2515 1471 2554 quia
1486 2526 1637 2546 numerus
1653 2515 1784 2546 eredibi-

407 2569 604 2598 praegressus
646 2560 760 2595 suerat,
806 2563 912 2598 posset
955 2558 1071 2589 elicere
1116 2558 1179 2587 lem
1204 2558 1415 2597 persequendi
1436 2558 1568 2588 modum
1584 2557 1679 2587 nimis
1694 2567 1784 2588 exce-

407 2600 512 2630 hostes
528 2602 569 2631 ad
586 2611 736 2640 pugnam.
761 2601 866 2631 CREV.
1116 2600 1181 2629 dat.

452 2650 467 2680 7
492 2644 559 2673 Per
584 2644 648 2672 tria
673 2644 775 2672 millia
801 2643 973 2680 passuum]
1006 2642 1073 2671 Per
1159 2642 1178 2671 8
1200 2643 1252 2672 Ne
1269 2642 1419 2679 falleret]
1447 2641 1500 2671 Ne
1524 2641 1572 2670 bis
1596 2649 1693 2670 unam
1718 2649 1785 2670 rem

407 2685 752 2722 triyinta=rnillia‚q11ae
762 2694 853 2713 voces
863 2683 894 2713 in
906 2682 1072 2721 codd.qui-
1117 2693 1174 2722 per
1188 2682 1438 2721 imprudentiam
1454 2685 1627 2712 narrarent.
1651 2682 1756 2712 (ἷκεν.

408 2724 541 2754 busdam
559 2726 717 2764 leguntur,
730 2725 869 2764 reposuit
881 2725 1073 2761 Gronovius,
1159 2734 1179 2764 9
1202 2725 1340 2763 Captum
1361 2726 1454 2755 etiam
1470 2725 1682 2761 Hannonem]
1708 2723 1785 2753 Non

408 2774 505 2802 quum
523 2776 588 2795 rem
602 2767 653 2795 vix
670 2771 849 2796 memoratu
862 2767 991 2806 dignam
1007 2776 1073 2796 esse
1118 2766 1333 2801 interfectum,
1346 2770 1380 2795 ut
1396 2775 1481 2804 supr.
1497 2768 1710 2795 memoratum
1727 2767 1784 2793 est.

409 2811 546 2842 censeat,
557 2807 581 2835 si
594 2807 692 2837 victor
704 2818 800 2845 eques
815 2808 939 2837 hostem
953 2808 1072 2845 fug-ien-
1118 2808 1223 2838 CREV.
