1809 3178
504 89 626 130 12113.
664 88 786 128 XM.
837 89 980 129 (ΛΡ.
1017 95 1081 130 555.
1428 99 1474 134 :31

99 193 149 219 ex
182 186 296 233 parte
319 177 446 218 altera
476 178 702 218 subiectam
727 177 822 229 iugo
852 178 942 217 insu
965 193 1020 217 »er
1054 179 1285 220 imminenti
1312 193 1479 223 ventum
1501 194 1539 224 Γ.
1557 195 1594 224 (·,
1614 203 1683 232 534·

98 244 173 281 est,
205 234 390 290 undique
423 250 473 275 ex
507 234 665 274 insidiis
694 234 852 274 barbari
885 251 909 274 a
938 193 1087 283 dronte,
1115 237 1165 276 ab
1193 246 1307 289 tergo
1339 242 1480 285 coorti.
1499 238 1533 266 Α·
1559 239 1596 266 ‘'·
1620 241 1684 266 ²¹⁸-

98 292 287 331 cominns
303 292 466 332 eminus
489 299 658 347 petunt:
693 306 790 332 saxa
805 291 991 346 ingentia
1013 292 1053 332 in
1069 308 1218 344 agmen
1237 294 1479 337 devolvunt:

69 364 84 383 2
100 348 279 388 maxima
300 349 350 389 ab
374 358 488 401 tergo
507 349 565 388 vis
588 348 802 387 bominum
828 349 1010 400 urgebat.
1076 349 1123 389 In
1147 365 1216 390 eos
1231 366 1346 391 versa
1368 354 1483 407 pedi-

100 414 186 445 tum
219 405 326 445 acies
359 405 468 445 haud
500 405 672 445 dubium
704 405 814 451 feeit,
847 406 962 460 quin,
994 406 1068 445 nisi
1104 407 1265 447 firmata
1296 418 1483 449 extrema

98 463 275 514 agnnnis
296 463 479 509 fuissent,
500 462 646 515 ingens
670 461 708 500 in
732 477 781 501 eo
798 462 903 502 saltu
927 463 1169 518 accipienda
1190 464 1329 505 clades
1345 466 1480 506 fuerit.

99 518 222 559 Tune
255 535 422 574 quoque
459 518 510 558 ad
542 527 776 558 extremum
815 519 985 574 perienli
1016 536 1062 560 ac
1095 535 1222 576 prope
1256 523 1481 576 perniciem

98 585 268 616 ventum
283 587 362 616 est:
399 591 505 621 nan»,
521 575 619 614 (lum
638 584 858 615 cum-tatur
874 575 1086 617 Hannibal
1101 577 1320 618 ‹lemittere
1335 595 1482 632 agmen

100 632 140 672 in
163 633 396 685 angustias;
431 633 529 687 qnia
551 647 647 679 non,
673 642 716 672 ut
740 632 825 687 ipse
844 633 1055 687 equitibus
1077 635 1284 689 praesidio
1305 632 1404 685 erat,
1429 637 1485 677 ita

99 689 311 744 peditibus
328 689 551 744 quiequam
569 690 620 729 ab
644 699 759 743 tergo
781 690 924 730 anxilii
941 689 1187 745 reliquerat3
1222 705 1484 733 occursantes

68 759 84 787 3
98 761 172 801 per
187 746 356 801 obliqua
370 746 568 792 montani,
587 756 784 801 perrupto
800 746 937 787 medio
952 748 1131 802 agmine,
1147 749 1253 788 viam
1274 749 1479 791 insedere:

97 818 266 857 noxque
298 818 380 843 una*
407 802 632 843 Hannibali
663 803 751 843 sine
781 804 992 857 equitibus
1020 813 1144 859 atquc
1172 805 1482 860 impedimentis

96 868 187 900 aeta
202 868 274 900 est.
339 860 510 899 Postero
525 859 606 907 die,
623 859 701 899 iam
718 861 884 914 segnius
903 861 1273 902 i1itereursantilnis
1288 864 1481 912 barbaris,

98 916 262 956 iunctae
293 916 449 971 copiae,
482 916 692 971 saltusque
728 917 839 957 haud
871 917 958 958 sine
991 918 1121 967 clade,
1153 920 1305 961 maiore
1344 930 1481 961 tamen

96 972 390 1021 iumentorum,
424 989 548 1028 quam
582 973 811 1021 hominnm,
845 975 1042 1029 pernicie,
1075 987 1303 1031 superatus.
1378 977 1482 1018 Inde

97 1030 283 1070 montani
306 1030 519 1085 pauciores
540 1030 634 1078 iam,
651 1039 693 1071 et
716 1030 919 1071 latrocinii
941 1033 1071 1087 magis
1088 1048 1214 1087 quam
1237 1034 1335 1074 belli
1354 1050 1481 1083 more,

95 1087 419 1135 eonettrsabant3
473 1087 597 1127 modo
639 1088 680 1126 in
722 1088 915 1142 primum,
958 1089 1082 1129 modo
1129 1090 1171 1129 in
1212 1091 1481 1131 novissimum

96 1158 259 1199 agmen,
282 1152 495 1199 utcunque
528 1154 595 1184 aut
625 1143 738 1184 loeus
760 1146 1114 1199 opportunitatem
1138 1146 1266 1194 daret,
1290 1157 1361 1187 aut
1390 1163 1483 1203 pro-

95 1201 222 1254 gressi
245 1201 442 1240 morative
475 1200 656 1255 aliquam
686 1201 943 1241 occasionem
974 1202 1178 1242 fecissent.
1244 1203 1481 1259 Elephanti,

66 1257 202 1301 4sicut
228 1272 301 1311 per
322 1266 429 1297 artas
458 1257 703 1312 praecipites
724 1257 809 1297 vias
841 1273 991 1312 magna
1019 1273 1133 1299 mora
1160 1260 1401 1314 agebantur,
1426 1262 1481 1301 ita

97 1322 233 1353 tutum
271 1314 321 1353 ab
358 1313 557 1362 hostibus,
594 1328 846 1368 quacunque
885 1315 1140 1364 incederent,
1178 1317 1276 1371 quia
1310 1318 1483 1358 insuetis

97 1369 280 1410 adeundi
302 1370 471 1425 propius
492 1378 627 1410 metus
648 1380 746 1417 erat,
770 1386 919 1423 agmen
941 1372 1206 1425 praebebant.

155 1426 283 1466 Nono
323 1427 391 1466 die
423 1427 465 1465 in
498 1427 642 1480 iugum
675 1426 850 1481 Alpium
882 1437 1129 1482 perventum
1162 1438 1235 1477 est,
1268 1445 1342 1485 per
1374 1431 1483 1471 invia

97 1482 294 1538 pleraque
315 1491 358 1524 et
379 1497 549 1531 errores,
565 1498 670 1537 quos
691 1492 762 1523 ¹aut
779 1483 1024 1524 ducentium
1046 1485 1169 1533 trans,
1184 1494 1268 1535 aut,
1287 1487 1358 1526 ubi
1381 1488 1484 1527 fides

97 1540 147 1580 iis
183 1555 268 1580 non
301 1548 420 1588 esset,
456 1549 610 1580 temere
649 1540 775 1580 initae
809 1540 935 1581 valles
971 1556 995 1581 a
1026 1542 1359 1583 coniectantibus
1393 1545 1482 1592 iter,

97 1596 315 1637 faciebant.
380 1596 564 1637 Biduum
579 1597 622 1637 in
644 1597 742 1651 iugo
759 1597 907 1638 stativa
927 1597 1094 1638 habita:
1128 1599 1329 1655 fessisque
1344 1600 1482 1641 labore

97 1668 144 1694 ac
160 1653 387 1708 pugnando
401 1654 520 1709 quies
534 1653 630 1694 data
648 1653 870 1702 militibus3
904 1655 1175 1710 iumentaque
1190 1656 1360 1712 aliquot,
1377 1674 1483 1712 quae

97 1710 286 1766 prolapsa
319 1711 361 1750 in
398 1711 570 1766 rupibus
605 1720 736 1759 crant,
772 1712 987 1766 sequendo
1023 1713 1196 1768 vestigia
1231 1714 1407 1769 agminis
1441 1715 1482 1754 in

97 1775 230 1808 castra
258 1782 496 1822 pervenere.
561 1767 694 1808 Fessis
725 1768 864 1808 taedio
896 1777 957 1809 tot
988 1769 1191 1810 malorum
1223 1771 1329 1811 nivis
1357 1771 1482 1812 etiam

67 1831 84 1862 5
97 1838 227 1873 casus,
250 1824 466 1865 occidente
488 1824 570 1865 iam
591 1824 725 1866 sidere
743 1824 1036 1881 Vergiliarum,
1054 1827 1269 1881 ingentem
1285 1836 1483 1868 terrorem

97 1880 262 1921 adiecit.
324 1881 406 1921 Per
426 1881 566 1922 omnia
593 1882 688 1922 nive
718 1882 888 1937 oppleta
914 1898 1059 1938 quum,
1081 1884 1209 1939 signis
1234 1885 1367 1940 prima
1391 1884 1483 1925 luce

99 1938 234 1986 motis,
258 1938 440 1992 segniter
469 1953 619 1993 agmen
646 1938 872 1988 incederet,
904 1940 1155 1996 pigritiaque
1178 1950 1220 1982 et
1250 1941 1484 1997 desperatio

66 1999 85 2030 6
99 1994 142 2034 in
163 1992 350 2035 omnium
371 1995 489 2035 vultu
515 1995 718 2036 emineret
731 2011 741 2043 3
774 2011 1036 2051 praegressus
1065 1998 1183 2052 signa
1204 1997 1418 2039 Hannibal
1440 1999 1483 2038 in

98 2052 382 2106 promontorio
413 2051 608 2106 quodam,
632 2052 744 2092 unde
775 2053 897 2107 longe
923 2068 970 2093 ae
1001 2053 1082 2094 late
1109 2063 1350 2110 prospectus
1382 2064 1482 2103 erat,

97 2108 321 2148 consistere
363 2108 480 2148 iussis
517 2108 717 2149 militibus
758 2108 922 2150 Italiam
964 2120 1156 2160 ostentat,
1194 2111 1485 2167 subiectosque

99 2164 267 2220 Alpinis
281 2165 491 2206 montibus
515 2164 874 2221 Circumpadanos
891 2181 1079 2222 campos:
1116 2168 1393 2223 ‘moeniaque
1416 2184 1486 2209 eos

100 2229 186 2261 tum
219 2221 510 2262 transcendere
542 2237 627 2263 non
654 2222 798 2263 Italiae
830 2223 969 2272 modo,
991 2224 1064 2264 sed
1096 2225 1221 2265 etiam
1253 2225 1366 2265 urbis
1398 2225 1485 2265 Ro-

1581 875 1591 909 υ»

1598 887 1620 909 L·
1604 874 1618 880 ι

1626 902 1634 909 .

142 2359 158 2378 2
185 2351 224 2378 In
248 2360 299 2380 eos
321 2360 412 2380 versa
437 2350 578 2388 peditum
602 2351 701 2387 acics]
730 2350 767 2380 In
815 2351 940 2381 bantur.
966 2351 1095 2381 Barna.

99 2401 153 2421 eos
168 2401 266 2428 <ptum
292 2401 379 2421 versa
403 2391 546 2430 peditum
570 2391 655 2421 acies
678 2398 770 2427 esset,
862 2402 878 2430 5
905 2394 1073 2423 Occidente
1104 2394 1164 2421 iam
1195 2394 1298 2423 sidere
1336 2394 1484 2430 meilia-

100 2433 185 2463 haud
202 2432 332 2462 dubium
351 2437 429 2469 erat,
446 2433 521 2471 quin
538 2457 545 2463 .
560 2456 567 2463 .
582 2457 588 2464 .
605 2438 682 2463 lum·
697 2444 769 2472 qaem-
814 2436 903 2471 rnm]
940 2434 1112 2473 Vergiliae,
1138 2435 1203 2463 sive
1230 2434 1388 2470 Pleiades,
1413 2439 1483 2463 sunt

99 2486 171 2515 qne,
197 2474 271 2504 'iicet
298 2474 394 2504 etiam
422 2475 578 2504 firmasset
603 2475 769 2504 Hannibal
815 2476 927 2505 stellae
943 2480 1065 2513 septem
1084 2475 1114 2504 in
1132 2476 1216 2504 collo
1231 2475 1339 2505 Tauri.
1386 2476 1485 2506 Oeca—

99 2520 243 2546 extrema
258 2516 405 2553 algunni&
421 2521 526 2546 tamen
543 2539 550 2546 .
568 2539 574 2545 .
592 2539 599 2546 .
815 2527 866 2545 sus
885 2517 1052 2546 Pleiadum
1071 2517 1110 2545 de
1127 2526 1189 2554 quo
1211 2516 1263 2546 hic
1283 2517 1346 2555 agit
1365 2516 1485 2551 Livius,

144 2568 161 2597 3
185 2560 347 2596 I'errnplo
370 2559 469 2587 medio
491 2559 633 2595 aymine]
667 2559 769 2587 Inter·
816 2558 1031 2596 contingebat,
1051 2558 1148 2588 Plinii
1175 2568 1266 2594 aero,
1288 2558 1380 2588 tertio
1407 2559 1485 2589 Idus

99 2605 195 2639 rupto
207 2610 246 2630 ex
257 2599 483 2630 emendatione
495 2599 692 2630 Gronoriiin
703 2604 769 2628 tex-
817 2599 1021 2635 Novembris,
1048 2599 1117 2638 ipso
1143 2604 1235 2637 teste,
1260 2600 1304 2630 H.
1330 2600 1373 2631 N.
1397 2601 1485 2632 xviii.

100 2646 169 2672 tum
186 2641 306 2680 recepit
323 2641 462 2671 Bekker.
818 2651 866 2680 31-
891 2642 996 2671 Cuma
1028 2641 1068 2671 ef.
1086 2642 1157 2671 Pol.
1174 2641 1217 2672 iii.
1236 2651 1285 2680 54.

149 2696 168 2722 4
192 2684 409 2722 Praecipites]
447 2682 542 2712 Proui
573 2683 614 2711 ad
646 2683 771 2721 lapsum
858 2682 877 2713 6
894 2685 933 2713 In
948 2685 1162 2721 promontorio
1173 2684 1323 2724 quodam]
1339 2684 1420 2724 Iugo
1432 2685 1486 2714 Al-

102 2725 133 2755 in
166 2726 244 2756 locis
273 2725 451 2755 declivibus
477 2730 506 2754 et
536 2724 772 2763 praecipitibus
819 2725 907 2764 pium
925 2725 1080 2764 praealto,
1096 2725 1127 2755 in
1144 2726 1245 2755 altum
1264 2725 1356 2765 (non.
1369 2732 1403 2756 ut
1421 2727 1487 2765 ple-

103 2767 212 2797 DoER.
249 2767 536 2806 I’raecipz'lcs,h.e.
553 2767 720 2805 perardua
737 2777 774 2796 ac
819 2777 964 2805 rumque.
981 2767 1010 2796 in
1029 2766 1132 2805 mare)
1150 2768 1359 2806 prominente.
1388 2769 1473 2798 Rue.

104 2809 251 2842 declivia.
267 2810 342 2847 quin
367 2814 537 2847 praerupta
559 2818 666 2847 saepe.
681 2809 774 2838 duee-
