1871 3178
494 96 618 138 Lm.
653 96 824 138 XXIII.
867 97 1006 140 (ΠΛΡ.
1041 103 1107 142 37.
1416 100 1490 139 161

107 183 316 240 profectus
333 185 511 237 agmine,
530 200 658 239 quum
677 185 728 224 ad
753 184 909 224 Hamas
926 186 1065 225 modia
1081 194 1202 225 nocte
1225 184 1490 239 pervenisset,
1509 190 1549 221 U.
1567 190 1605 221 C·
1629 198 1701 229 537-

109 250 240 281 castra
268 241 497 295 Campana,
530 251 575 281 ut
607 242 648 280 in
675 241 892 296 pervigilio
924 242 1125 296 neglecta,
1153 241 1274 281 simul
1300 242 1491 280 omnibus
1504 233 1543 302 (Α,
1568 235 1605 303 {³3
1630 242 1701 270 2¹5-

107 298 236 361 portis
268 298 447 337 invadit:
483 298 581 337 alios
612 313 757 336 somno
788 306 946 345 stratos,
979 298 1080 338 alios
1112 306 1346 354 perpetrato
1377 285 1672 353 sacropxssnrl‘ssum

108 367 287 394 mermes
319 354 541 394 redeuntes
567 355 797 394 obtruncat.
863 354 1095 395 Hominum
1125 370 1175 394 eo
1205 353 1388 393 tumultu
1417 357 1625 392 11(,-invn‹iit

108 418 257 450 cturno
289 426 407 451 caesa
434 410 525 465 plus
551 411 634 450 duo
661 410 800 455 millia.
824 425 918 450 cum
947 412 1035 466 ipso
1061 412 1167 451 duce
1193 410 1329 450 Mario
1353 409 1488 449 Alfio:
1505 400 1682 429 (³¹²²⁰⁶'¹¹¹⁵·

107 476 228 522 capta
248 477 340 508 sunt
365 468 482 521 signa
503 467 693 507 militaria
714 476 911 521 quattuor
931 478 973 508 et
994 468 1174 521 triginta.

168 524 395 571 Gracchus,
415 524 551 563 minus
572 533 739 563 centum
766 523 944 564 militum
969 520 1124 565 iactura
1146 524 1287 564 castris
1309 523 1491 562 hostium
1568 524 1634 561 36.

108 581 276 635 potitus,
302 580 458 620 Cumas
485 595 527 620 se
550 595 722 635 propere
754 581 922 635 recepit,
945 582 996 621 ab
1027 580 1264 621 Hannibale
1288 588 1490 627 metuens,

108 637 181 692 qni
213 652 337 692 snper
370 637 558 692 Capuam
590 637 633 676 in
670 637 818 677 Tifatis
855 638 1033 677 habebat
1065 647 1206 678 eastra.
1271 635 1363 675 Nec
1395 651 1491 675 eum

108 694 280 748 provida
318 693 444 734 futuri
483 693 627 733 fefellit
668 693 821 748 opinio.
893 694 1004 734 Nam
1045 694 1166 734 simul
1212 693 1402 748 Capuam
1444 707 1493 732 ea

108 750 246 791 clades
267 758 329 790 est
351 750 552 798 nuntiata,
575 758 686 790 ratus
717 750 943 799 Hannibal,
965 751 1016 791 ab
1038 766 1080 791 re
1109 751 1215 791 bene
1244 758 1361 805 gesta
1382 749 1492 789 inso-

108 806 242 847 lenter
258 807 411 847 laetum
433 807 662 847 exereitum
681 807 862 848 tironum
882 822 1031 861 magna
1051 823 1102 848 ex
1126 816 1241 862 parte
1259 821 1492 846 servorum-

108 879 203 918 que,
230 863 476 918 spoliantem
501 864 642 911 victos,
665 863 922 919 praedasque
949 859 1157 913 agentem,
1180 864 1233 904 ad
1264 863 1421 903 Hamas
1448 878 1490 902 se

107 920 398 967 inventurum3
431 920 602 960 citatum
624 935 773 973 agmen
795 929 960 975 praeter
976 921 1164 976 Capuam
1188 920 1308 975 rapit,
1331 920 1493 959 obvios-

107 991 189 1032 que
221 991 273 1017 ex
301 977 398 1031 fuga
425 976 752 1032 Campanorum,
781 977 878 1017 dato
911 978 1127 1032 praesidio,
1160 978 1350 1032 Capuam
1380 976 1490 1024 duci,

106 1033 266 1074 saucios
285 1032 485 1073 vehiculis
506 1034 659 1089 portari
685 1034 810 1074 iubet.
874 1034 968 1089 Ipse
1000 1034 1148 1074 Hamis
1169 1049 1297 1074 vacua
1321 1033 1372 1073 ab
1398 1032 1493 1073 hos-

108 1090 217 1131 tibus
238 1098 382 1139 castra,
404 1105 481 1130 nec
504 1091 727 1145 quicquam
755 1098 920 1145 praeter
947 1091 1125 1131 recentis
1147 1090 1320 1144 vestigia
1340 1089 1490 1137 caedis,

107 1155 316 1202 strataque
338 1147 488 1201 passim
511 1162 683 1201 corpora
703 1147 908 1187 sociorum
926 1147 1096 1187 invenit.
1152 1147 1355 1186 Auctores
1376 1153 1494 1185 erant

108 1203 293 1258 quidam,
327 1211 373 1243 ut
402 1203 591 1257 protinus
622 1203 719 1243 inde
755 1203 911 1242 Cumas
941 1203 1125 1251 duceret,
1159 1203 1386 1256 urbemque
1419 1216 1493 1256 op-

109 1267 324 1315 pugnaret.
389 1259 438 1299 Id
460 1274 698 1313 quanquam
721 1259 834 1299 haud
857 1259 1018 1299 modice
1050 1258 1262 1299 Hannibal
1284 1258 1491 1313 cupiebat,

109 1325 168 1365 ut,
192 1316 290 1370 quia
312 1315 534 1370 Neapolim
552 1331 637 1355 non
659 1324 863 1370 potuerat,
885 1315 1041 1355 Cumas
1062 1316 1220 1364 saltem,
1243 1315 1493 1361 maritimam

110 1373 269 1421 urbem,
307 1372 501 1419 haberet3
545 1380 696 1419 tamen,
734 1372 833 1426 quia
864 1380 1027 1426 praeter
1059 1387 1172 1412 arma
1211 1371 1316 1411 nihil
1352 1385 1493 1410 secum

111 1429 242 1478 miles,
265 1429 416 1484 raptim
437 1437 529 1469 aeto
558 1428 735 1481 agmine,
759 1428 978 1473 extulerat,
1001 1436 1110 1468 retro
1139 1428 1182 1467 in
1211 1437 1344 1467 eastra
1370 1441 1494 1481 supra

111 1486 251 1526 Tifata
280 1501 322 1525 se
348 1485 515 1540 recepit.
579 1482 697 1532 Inde,
724 1484 917 1539 fatigatus
949 1484 1259 1539 Campanorum
1289 1483 1494 1538 precibus,

109 1543 301 1597 sequenti
317 1542 383 1582 dic
406 1557 502 1582 eum
522 1541 636 1580 omni
657 1548 856 1595 apparatu
874 1541 1180 1595 oppugnandae
1204 1540 1315 1580 urbis
1335 1540 1493 1579 Cumas

112 1599 241 1640 redit:
276 1598 631 1653 perpopulatoque
661 1612 758 1652 agro
788 1596 994 1645 Cumano,
1018 1597 1130 1637 mille
1150 1612 1292 1652 passus
1317 1597 1367 1636 ab
1396 1597 1495 1636 urbe

111 1664 243 1696 eastra
283 1655 412 1702 locat3
456 1669 586 1709 quum
630 1653 846 1694 Gracchus
886 1654 1017 1708 magis
1052 1653 1304 1694 verecundia
1339 1653 1383 1692 in
1424 1651 1494 1692 tali
1511 1657 1665 1687 Defendit

112 1712 357 1753 necessitate
378 1710 598 1752 deserendi
620 1711 765 1759 socios,
788 1710 1055 1765 implorantes
1077 1710 1204 1750 fidem
1226 1724 1342 1749 suam
1363 1724 1496 1765 popu-
1509 1701 1675 1771 ἓξᾞῗῗω

112 1769 225 1824 lique
268 1768 462 1816 Romani,
499 1767 759 1815 substitisset,
801 1782 926 1821 quam
967 1767 1065 1807 satis
1105 1767 1239 1806 fidens
1280 1766 1493 1806 exercitui.
1527 1757 1565 1771 ¹⁴
1662 1764 1686 1772 '⁶

115 1825 207 1866 Nec
228 1825 331 1865 alter
351 1824 496 1866 consul
516 1824 680 1872 Fabius,
703 1824 777 1878 qui
797 1823 850 1864 ad
875 1823 999 1864 Cales
1027 1832 1158 1864 eastra
1178 1823 1368 1871 habebat,
1392 1822 1497 1862 Vul-

114 1891 283 1923 turnum
319 1882 477 1921 flumen
513 1881 728 1921 traducere
764 1880 944 1921 audebat
973 1880 1229 1927 exercitum3
1272 1888 1498 1934 occupatus

112 1939 248 1994 primo
270 1938 463 1993 auspiciis
494 1937 744 1993 1·epetendiS‚
768 1936 867 1976 dein
898 1937 1110 1992 prodigiis,
1133 1951 1239 1991 quae
1269 1936 1347 1975 alia
1375 1950 1499 1990 super

84 1995 195 2041 salia
222 1995 535 2042 nuntiabantur,
562 1993 831 2049 expiantique
864 2008 913 2034 ea
942 1994 1055 2034 haud
1082 1992 1201 2033 facile
1234 1992 1342 2033 litari
1374 1992 1497 2031 haru-

115 2052 248 2108 spices
268 2051 586 2107 respondebant.

174 2108 268 2149 Hae
291 2123 435 2148 causae
465 2123 596 2163 quum
624 2107 799 2148 Fabium
828 2115 1033 2155 tenerent,
1059 2106 1329 2161 Sempronius
1356 2105 1400 2144 in
1425 2105 1498 2144 ob·
1575 2100 1643 2138 37-

115 2165 277 2206 sidione
313 2172 423 2213 erat3
466 2173 508 2205 et
543 2165 625 2204 iam
660 2164 854 2219 operibus
895 2163 1223 2219 oppugnabatur.
1288 2161 1499 2202 Adversus

116 2222 298 2277 ligneam
315 2222 530 2276 ingentem
545 2221 754 2261 admotam
772 2220 877 2269 urbi,
893 2220 1015 2260 aliam
1032 2229 1186 2260 turrem
1203 2234 1256 2259 ex
1271 2219 1359 2273 ipso
1382 2232 1500 2257 muro

118 2279 315 2318 excitavit
341 2277 486 2318 consul
514 2278 743 2325 Romanus,
767 2277 980 2331 aliquanto
1009 2276 1222 2316 altiorem:
1255 2275 1353 2329 quia
1381 2288 1500 2314 muro

119 2335 216 2374 satis
236 2349 310 2389 per
330 2349 372 2374 se
395 2334 476 2373 alto
505 2334 699 2373 subiectis
719 2333 865 2373 validis
887 2333 1054 2373 sublicis
1078 2348 1153 2387 pro
1174 2332 1260 2372 solo
1282 2346 1379 2370 usus
1401 2338 1498 2369 erat.

121 2390 227 2430 Inde
248 2390 428 2445 primum
451 2390 558 2429 saxis
586 2389 841 2443 sudibusque
870 2398 912 2429 et
933 2389 1079 2429 ceteris
1107 2387 1328 2427 missilibus
1348 2400 1502 2441 propu-

91 2455 312 2502 4gnatores
347 2446 512 2485 moenia
547 2454 672 2499 atque
709 2446 854 2485 urbem
889 2446 1134 2485 tuebantur:
1178 2452 1399 2498 postremo,
1432 2442 1502 2481 ubi

121 2502 406 2558 promovendo
434 2501 672 2541 adiunctam
701 2515 819 2541 muro
846 2500 1041 2540 viderunt
1069 2508 1238 2547 turrem,
1260 2498 1416 2538 facibus
1442 2512 1503 2537 ar-

161 2648 178 2678 3
194 2638 404 2676 Haudsacile
414 2638 519 2674 litari]
539 2646 581 2666 sc.
595 2636 695 2665 Haud
709 2636 792 2665 laeta
838 2636 945 2664 locum
963 2634 999 2663 iis
1015 2644 1224 2664 annumerare
1242 2634 1326 2669 licet,
1343 2633 1374 2663 in
1391 2633 1506 2671 quibus

124 2685 199 2711 exta
214 2679 356 2718 reperiri,
372 2679 492 2718 quippe
508 2679 602 2708 litare
617 2681 663 2707 est
681 2686 793 2716 pacem
838 2677 1015 2715 gerundum
1043 2676 1200 2715 passivam
1228 2676 1292 2705 vim
1322 2675 1428 2705 habet.
1468 2675 1507 2704 cf.

124 2722 221 2752 deam
256 2721 368 2751 hostiis
397 2720 495 2750 caesis
531 2719 712 2758 impetrare.
754 2719 793 2748 cf.
840 2718 908 2749 Cic.
925 2717 1033 2748 Somn.
1051 2718 1136 2756 Scip.
1154 2719 1182 2748 8.
1201 2718 1221 2733 “
1234 2717 1294 2746 hoc
1316 2716 1508 2756 principium

125 2764 198 2794 infr.
214 2762 314 2793 xxvii.
332 2771 381 2801 ²3·
841 2760 1024 2789 movendi.“'
1049 2761 1173 2790 Riscu.

169 2818 189 2843 4
216 2806 278 2836 l'ba'
299 2804 526 2843 promovendo]
557 2803 656 2833 Hune
672 2812 799 2841 quoque

187 2859 287 2886 VOL.
310 2859 354 2885 11.
1252 2855 1285 2880 M
