1871 3178
527 92 648 134 11113.
685 96 874 140 xxvii.
924 103 1067 144 (mir.
1105 112 1140 146 5).
1441 121 1517 156 :551

136 173 281 213 consul
304 176 498 232 reliquias
520 187 726 227 exereitus
751 189 935 231 ¹Fulviani
959 197 1212 250 conquisitas
1229 201 1362 243 (suere
1381 215 1518 248 autem
1541 218 1633 250 120.
1657 231 1728 260 543·

135 228 186 268 ad
221 231 296 271 tria
334 235 462 276 millia
494 244 665 282 trecenti
706 246 873 297 triginta
911 257 1004 303 sex)
1039 253 1349 299 Q.)121xi111=1111
1388 261 1728 330 siliuinjssfl‘snmv·

134 284 285 327 ducere
321 290 359 329 in
401 294 581 336 Siciliam
614 300 666 339 ad
709 301 767 342 M.
799 304 1008 346 Valerium
1048 314 1335 362 proconsulem
1376 311 1704 377 3¹¹⁵⁵lt³nixsitsilliil?

132 349 256 396 atquc
274 346 324 385 ab
347 364 395 387 eo
412 350 513 391 duas
533 353 714 406 legiones
731 368 771 398 et
791 361 958 413 triginta
975 365 1299 421 quinqueremes
1316 374 1512 428 accipere.

131 396 250 439 Nihil
276 402 350 443 liae
368 406 542 449 eduelae
565 427 615 451 ex
641 413 771 454 insula
795 416 977 470 legiones
1000 422 1241 466 minuerunt
1263 443 1339 468 nec
1363 431 1515 473 viribus

129 469 206 496 nee
229 461 365 513 speeie
383 463 470 503 eius
493 469 726 520 provinciae
744 475 1006 526 praesidium.
1062 479 1170 521 Nam
1188 498 1331 537 quum,
1351 498 1515 541 praeter

127 516 292 567 egregie
315 520 640 574 suppletasduas
662 537 820 569 veteres
844 531 1039 585 legiones,
1059 540 1362 593 transfugarum
1387 546 1512 587 ctiam

128 567 407 615 Numidarum
446 581 634 634 equitum
672 585 945 643 peditumque
984 606 1174 647 magnam
1210 598 1291 637 vim
1327 600 1509 652 haberet,

127 624 287 669 Siculos
321 647 501 688 quoque,
535 639 606 691 qui
641 640 682 680 in
717 645 902 685 exercitu
939 647 1136 705 Epicydis
1168 663 1239 694 aut
1272 655 1509 700 Poenorum

122 682 298 735 fucrant,
334 689 429 730 belli
470 695 622 746 peritos
664 698 782 747 viros9
818 702 968 744 milites
1001 708 1173 762 scripsit.
1239 711 1300 752 Ea
1336 724 1509 757 externa

121 741 274 782 auxilia
291 760 420 798 quum
443 749 614 803 singulis
641 753 839 797 Romanis
863 758 1094 814 legionibus
1116 766 1385 819 adiunxisset,
1404 773 1507 814 duo-

120 810 211 837 rum
237 802 416 854 speciem
438 808 697 850 exercituum
720 814 920 857 servavit}
955 818 1084 861 altero
1116 822 1162 863 L.
1187 823 1384 868 Cincium
1414 845 1506 884 par-

120 860 202 893 tem
220 855 390 908 insulae,
407 875 489 915 qua
506 879 679 919 regnum
699 868 897 913 Hieronis
913 874 1058 925 tuerat,
1079 880 1183 919 tueri
1203 881 1341 931 iussit:
1375 886 1503 927 altero

118 908 204 963 ipse
230 922 408 956 ceteram
435 918 611 962 insulam
645 926 849 977 tuebatur,
876 930 1049 973 divisam
1076 938 1287 990 quondam
1322 941 1502 984 Romani

115 965 351 1025 Punicique
379 973 541 1030 imperii
571 980 745 1030 finibus3
779 985 905 1027 classe
938 1005 1107 1045 quoque
1137 996 1305 1036 navium
1336 1009 1501 1053 septua-

113 1023 229 1077 ginta
250 1030 410 1081 partita,
436 1042 480 1073 ut
496 1037 610 1076 omni
631 1040 789 1081 ambitu
814 1042 977 1085 litorum
1000 1050 1203 1101 praesidia
1226 1068 1319 1093 orae
1344 1058 1500 1098 mariti-

113 1093 204 1121 mae
227 1096 375 1127 esseut.
439 1089 533 1144 Ipse
561 1108 656 1133 cnm
680 1095 859 1139 Mutinis
887 1103 1077 1155 equitatu
1098 1109 1354 1159 provinciam
1381 1127 1498 1167 pera-

84 1168 97 1174 -
111 1138 267 1190 grabat,
291 1151 337 1182 ut
360 1144 507 1187 viseret
529 1164 660 1203 agros,
675 1153 869 1209 cultaque
891 1158 942 1197 ab
960 1159 1126 1201 incultis
1148 1173 1321 1215 notaret,
1341 1178 1382 1208 ct
1403 1185 1496 1224 pcr—

110 1193 208 1235 inde
235 1196 425 1241 dominos
454 1202 639 1246 laudaret
665 1211 977 1268 castigaretque.
1043 1217 1106 1258 Ita
1137 1230 1297 1262 tantum
1324 1239 1372 1264 ea
1397 1241 1495 1268 cura

108 1249 306 1294 frumeuti
328 1261 530 1310 provenit,
555 1270 599 1302 ut
621 1273 661 1304 et
686 1264 861 1308 Romam
887 1272 1082 1323 mitteret,
1106 1285 1147 1316 et
1170 1280 1371 1321 satanam
1395 1298 1493 1324 con-

108 1307 289 1359 veheret,
320 1315 431 1355 unde
461 1320 674 1369 exercitui,
706 1324 778 1377 qui
806 1326 859 1366 ad
886 1327 1116 1371 Tarentum
1142 1335 1295 1376 aestiva
1325 1347 1491 1381 aeturus

107 1374 226 1414 esset,
250 1380 387 1422 posset
408 1375 607 1426 praeberi.

165 1423 362 1466 Ceterum
388 1434 648 1486 transportati
673 1436 822 1478 milites
844 1439 886 1479 in
919 1441 1101 1485 Siciliam
1123 1446 1184 1502 (et
1215 1459 1333 1491 erant
1355 1453 1488 1494 maior
1581 1462 1616 1498 9.

104 1491 197 1531 pars
238 1480 379 1523 Latini
420 1489 600 1529 nominis
641 1493 951 1552 sociorumque)
991 1515 1120 1556 prope
1168 1507 1308 1561 magni
1349 1521 1486 1551 motus

103 1548 225 1576 causa
246 1537 382 1580 fuere:
416 1543 520 1584 adeo
541 1560 593 1585 ex
615 1549 749 1602 parvis
770 1566 892 1607 saepe
925 1570 1168 1611 magnarum
1191 1574 1404 1606 momenta
1424 1582 1487 1608 re—

102 1604 193 1631 rum
216 1596 413 1648 pendent.
478 1600 683 1644 Fremitus
712 1608 825 1647 enim
854 1609 963 1651 inter
994 1613 1166 1656 Latinos
1194 1620 1409 1676 sociosque
1441 1624 1484 1664 in
1501 1637 1663 1672 Qum-elac

101 1649 287 1691 conciliis
323 1663 459 1696 ortus:
505 1658 754 1703 ‘Decimum
796 1680 952 1708 annum
989 1669 1231 1724 delecffibus,
1267 1678 1484 1733 stipendiis
1499 1680 1654 1739 ⁵⁰⁰5‘3s¹,¹¹¹}

102 1705 350 1749 ‘exhaustos
381 1727 491 1754 esse:
526 1719 751 1770 quotannis
781 1721 910 1764 ferme
942 1725 1059 1768 clade
1097 1744 1246 1786 magna
1281 1749 1479 1791 pugnare.
1496 1723 1653 1797 ffi„{„{‡}[¹¹

100 1761 244 1803 ‘Alios
264 1764 307 1805 in
329 1768 415 1808 aeie
438 1772 583 1821 occidi,
602 1774 702 1815 alios
723 1779 866 1819 morbo
883 1781 1066 1825 absumi:
1100 1789 1230 1842 magis
1252 1793 1384 1845 perire
1403 1795 1481 1835 sibi

98 1818 268 1870 ‘civem,
291 1824 363 1878 qui
385 1825 435 1865 ab
459 1827 651 1871 Romano
673 1833 789 1874 miles
810 1835 941 1878 lectus
962 1840 1026 1889 sit,
1050 1857 1174 1897 quam
1198 1848 1270 1900 qui
1291 1863 1315 1888 a
1336 1849 1480 1892 Poeno

97 1878 275 1930 ‘eaptus
342 1880 511 1938 Quippe
543 1887 594 1926 ab
625 1888 741 1930 hoste
771 1894 898 1946 gratis
929 1898 1083 1939 remitti
1116 1900 1161 1940 in
1193 1905 1391 1957 patriam3
1427 1909 1477 1949 ab

96 1930 322 1976 ‘Romanis
350 1947 467 1980 extra
493 1940 656 1984 Italiam
683 1946 727 1985 in
755 1949 946 1991 exsilium
971 1955 1119 2004 verius,
1143 1973 1267 2012 quam
1297 1961 1341 2001 in
1369 1964 1477 2004 mili-

95 1992 106 2009 ‘
123 1988 235 2037 tiam,
258 1992 450 2048 ablegari.
516 1998 722 2041 Octavum
746 2003 828 2044 iam
856 2006 912 2047 ibi
940 2024 1098 2051 annum
1126 2028 1338 2058 senescere
1364 2020 1475 2060 Can—

94 2048 105 2065 ‘
121 2058 291 2087 nensem
339 2051 527 2101 militem,
569 2057 813 2099 moriturum
861 2072 969 2113 ante,
1012 2081 1137 2120 quam
1185 2070 1305 2112 Italia
1346 2074 1473 2117 hostis

92 2104 104 2122 ‘
119 2099 296 2158 (quippe
317 2120 430 2147 nune
451 2124 581 2164 quum
607 2115 786 2156 maxime
808 2117 960 2160 florens
981 2122 1155 2178 viribus)
1176 2129 1361 2170 excedat.
1429 2132 1472 2173 Si

91 2161 102 2179 ‘
115 2166 273 2200 veteres
294 2162 444 2204 milites
460 2181 544 2207 non
566 2169 738 2211 redeant
754 2172 797 2212 in
813 2177 1001 2228 patriam,
1021 2181 1117 2220 novi
1134 2181 1337 2237 legantur,
1356 2187 1470 2229 brevi

90 2215 326 2257 ‘neminem
366 2223 687 2276 superfuturum.
766 2228 927 2286 Itaque,
968 2237 1083 2289 quod
1123 2241 1365 2295 propediem
1406 2260 1469 2286 res

89 2269 202 2324 ‘ipsa
241 2283 442 2328 negatura
481 2280 545 2328 sit,
586 2283 828 2339 priusquam
869 2289 922 2329 ad
972 2291 1160 2334 ultimam
1201 2298 1467 2342 solitudinem

88 2331 237 2381 ‘atque
268 2341 495 2383 egestatem
526 2341 781 2391 perveniant,
808 2347 1047 2400 negandum
1083 2352 1238 2406 populo
1274 2354 1466 2399 Romano

87 2388 97 2405 ⁶
110 2398 208 2424 esse.
274 2385 317 2426 Si
339 2392 644 2435 consentientes
664 2396 708 2436 in
726 2398 803 2439 hoe
824 2403 955 2443 socios
972 2405 1139 2447 videant
1162 2408 1355 2460 Romani,
1371 2428 1466 2468 pro-

85 2444 97 2462 ‘
108 2439 218 2482 fecto
239 2442 290 2482 de
306 2458 406 2498 pace
423 2461 519 2487 cum
535 2450 948 2508 Carthaginiensibus
964 2460 1176 2517 iungenda
1193 2467 1460 2521 cogitaturos:

132 2559 143 2578 1
174 2551 320 2583 Divisam
350 2558 524 2595 quondam]
575 2561 671 2591 Hane
702 2564 746 2593 di·
792 2571 884 2597 cutus
897 2573 943 2599 est
956 2570 1096 2602 Bekker.
1133 2574 1275 2606 voculas
1287 2588 1461 2619 pr0‚prae‚

80 2590 233 2621 visionem
264 2604 428 2634 nimquam
463 2599 569 2630 locum
601 2602 746 2635 habuisse
791 2613 821 2637 et
841 2620 912 2647 per,
933 2613 1116 2650 saepissime
1137 2615 1169 2645 in
1186 2626 1252 2648 MSS.
1275 2624 1460 2661 permutari,

79 2638 185 2663 censet
210 2634 334 2667 Duker.
379 2639 442 2669 Sed
458 2642 595 2673 Crevier.
621 2648 747 2684 tempus
791 2659 888 2687 quum
907 2653 1023 2683 librarii
1040 2656 1157 2693 passim
1175 2663 1375 2699 compendia‚
1391 2665 1460 2703 qui-

78 2674 154 2704 belli
182 2676 298 2707 Punici
324 2679 418 2717 primi
442 2682 573 2714 sonasse
599 2696 617 2715 a
640 2693 745 2718 nostro
789 2691 848 2721 bus
870 2695 972 2724 notari
994 2697 1149 2735 solebant,
1165 2702 1375 2741 confuderint,
1391 2716 1457 2737 mo-

76 2717 191 2756 respici
207 2724 325 2750 monet.
789 2739 841 2763 net
861 2735 1024 2768 Drakenb.
1059 2739 1112 2770 De
1130 2743 1242 2773 vocula
1254 2747 1400 2785 perinde,
1417 2750 1454 2779 cf.

119 2768 135 2788 2
159 2761 302 2791 Perinde
316 2764 470 2803 dominos]
501 2769 642 2799 Proinde
663 2771 743 2802 Gro-
789 2775 964 2809 Ruhnken.
983 2780 1101 2819 opusc.
1119 2793 1149 2822 p.
1170 2786 1237 2822 748.

75 2801 187 2831 novius
210 2805 370 2843 emendat,
392 2817 485 2845 quem
510 2816 671 2842 auctorem
697 2825 740 2844 se-
