1871 3178
500 82 624 122 LlB.
663 82 808 122 XXX.
857 82 1002 123 (3Al‘.
1038 87 1103 123 24.
1409 87 1490 122 525

111 169 267 226 ‘plices
300 186 443 226 pacem
478 180 693 227 petereut;
733 181 775 211 et
808 187 931 211 nemo
965 171 1150 210 omnium
1187 172 1321 211 verius
1353 171 1493 212 existi·
1509 179 1551 209 U.
1569 179 1606 208 (¹.
1631 188 1702 218 5⁴9·

111 232 250 269 ‘marc
282 237 432 283 posset,
460 244 542 283 qua
574 238 712 269 mente
745 243 793 268 ea
824 243 903 282 pax
936 237 1159 283 peteretur,
1187 243 1311 281 <piam
1346 228 1388 275 is,
1421 223 1546 283 quiA·
1571 221 1608 252 C·
1632 228 1702 257 ³03·

111 289 234 325 ‘ante
266 294 403 339 portas
437 285 703 338 Carthaginis
734 284 888 324 bellum
921 293 1108 337 gereret3
1142 284 1295 323 nullius
1326 285 1493 325 alterius

111 341 322 389 ς(τοιιεὶίἰω,
351 357 474 395 quam
508 342 725 396 Scipionis,
755 341 1038 396 accipiendam
1073 341 1389 380 abnuendamve
1423 357 1494 396 pa-

80 403 229 438 7‘cem
261 399 374 439 esse.’
435 398 496 438 M.
519 398 708 439 Valerius
734 398 956 443 Laevinus,
980 398 1051 452 qui
1084 398 1144 437 bis
1176 397 1318 437 consul
1348 398 1492 446 fuerat,

111 460 122 477 ‘
141 454 441 510 Speculatores,
465 470 549 495 non
581 455 749 510 legatos,
774 455 961 503 venisse,’
986 455 1209 509 arguebat:
1247 454 1495 494 ‘iubendos-

111 516 221 566 ‘que
246 511 365 552 Italia
392 512 607 560 excedere,
632 521 672 552 et
700 511 891 551 custodes
920 526 1014 551 cum
1047 511 1095 550 iis
1128 526 1257 564 usque
1289 511 1339 550 ad
1370 526 1494 550 naves

111 568 389 616 ‘mittendos;
442 569 711 624 Scipionique
753 567 1032 616 scribendum,
1071 582 1123 607 nc
1161 567 1315 607 bellum
1354 568 1494 607 remit-

111 626 271 666 ‘tcret.'
332 625 499 665 Laelius
534 625 786 679 Fulviusque
820 624 1087 664 adiecerunt:
1136 624 1220 664 ‘Et
1256 624 1494 679 Scipionem

111 687 121 705 ‘
138 682 181 722 in
209 698 258 723 eo
287 683 462 737 positam
490 682 680 722 habuisse
711 696 826 736 spem
854 681 978 735 pacis,
1001 681 1034 721 si
1062 680 1274 720 Hannibal
1302 690 1343 721 et
1366 680 1495 735 Mago

111 744 122 762 ‘
139 754 191 779 cx
215 739 335 779 ltalia
363 755 446 779 non
476 748 778 778 revocarentur.
844 738 1000 778 Omnia
1027 737 1289 778 simulaturos
1318 738 1495 778 Cartha—

111 796 359 851 ‘ginienses,
392 795 517 836 duces
549 811 618 835 cos
652 795 941 849 exercitusque
976 803 1290 850 exspectantes:
1325 794 1491 843 deiude,

111 852 326 908 ‘quamvis
348 852 579 893 recentium
601 852 817 892 foederum
846 861 887 892 ct
912 852 1085 893 deorum
1114 852 1300 892 omnium
1331 851 1492 899 oblitos,

111 909 293 951 ‘bellum
325 910 537 964 gesturos,'
599 909 662 949 Eo
694 909 824 963 magis
855 909 898 948 in
928 909 1102 949 Laevini
1133 909 1384 948 sententiam
1413 909 1496 948 dis-

109 982 281 1008 cessum.
345 966 495 1021 Legati
535 981 636 1021 pace
677 965 842 1013 infecta,
885 980 930 1005 ac
977 981 1104 1020 prope
1153 966 1240 1005 sine
1283 980 1493 1020 responso,
1509 977 1559 1007 Re
1575 976 1695 1007 insecta

108 1024 278 1065 dimissi
1507 1019 1638 1050 dimissi.

168 1081 251 1121 Per
286 1095 355 1121 eos
388 1080 476 1120 dies
513 1079 592 1119 Cn.
626 1079 824 1120 Servilius
860 1079 1016 1127 consul,
1047 1079 1158 1119 haud
1195 1079 1358 1127 dubius,
1392 1079 1494 1133 quin
1571 1081 1638 1117 24.

141 1147 279 1178 acatae
305 1136 448 1178 Italiae
480 1152 609 1192 penes
640 1152 681 1177 se
715 1136 846 1191 gloria
879 1145 997 1184 esset,
1027 1136 1138 1176 velut
1171 1135 1335 1191 pulsum
1370 1137 1420 1176 ab
1452 1151 1493 1176 se

110 1153 394 1235 hannibalem
442 1208 708 1249 persequens,
750 1193 793 1232 in
839 1193 1034 1241 Siciliam,
1079 1193 1175 1233 inde
1222 1193 1265 1232 in
1308 1193 1494 1233 Africam

112 1252 368 1299 transiturus,
412 1251 582 1291 traiecit.
661 1250 789 1298 Quod
838 1250 909 1290 ubi
952 1250 1111 1290 Romae
1154 1249 1368 1304 vulgatum
1420 1258 1492 1297 est,
1507 1264 1567 1293 Cn.
1582 1263 1683 1293 Servi-

110 1308 245 1364 primo
273 1316 526 1348 censuerunt
551 1307 708 1356 Patres,
732 1315 778 1347 ut
808 1316 972 1362 praetor
1002 1307 1198 1347 scriberet
1228 1306 1400 1355 consuli,
1433 1321 1496 1346 se-
1509 1305 1569 1352 lius
1585 1316 1623 1335 ex
1641 1305 1687 1335 Si-

110 1374 255 1406 natum
290 1380 471 1420 aequum
502 1380 684 1413 censere,
707 1365 749 1404 in
779 1363 942 1404 Italiam
976 1364 1126 1404 reverti
1159 1379 1280 1403 eum:
1326 1363 1493 1412 deinde,
1509 1348 1683 1419 {pegrrevo-

112 1437 242 1478 quum
264 1431 441 1477 praetor,
464 1430 699 1476 spreturum
721 1436 818 1461 cum
841 1421 978 1461 literas
999 1436 1104 1469 suas,
1123 1420 1294 1469 diceret,
1318 1420 1497 1460 dictator
1600 1413 1607 1420 ’

111 1479 165 1520 ad
189 1479 232 1519 id
258 1480 392 1534 ipsum
419 1488 581 1519 creatus
606 1479 652 1518 P.
680 1478 899 1533 Sulpicius,
923 1493 996 1533 pro
1022 1478 1110 1518 iure
1133 1478 1298 1517 maioris
1319 1477 1495 1532 imperii,

111 1536 324 1577 consulem
347 1536 389 1575 in
412 1535 574 1576 Italiam
596 1535 825 1576 revocavit:
850 1535 1057 1589 reliquum
1075 1535 1187 1581 anni,
1207 1549 1302 1574 cum
1323 1533 1383 1573 M.
1404 1533 1498 1574 Ser-

113 1592 210 1633 vilio
239 1593 434 1647 magistro
460 1593 663 1647 equitum,
687 1592 994 1632 circumeundis
1016 1591 1159 1631 Italiae
1180 1591 1365 1639 urbibus,
1389 1605 1496 1645 quae

85 1650 222 1691 1bello
262 1650 464 1690 alienatae
504 1649 681 1698 fuerant,
722 1649 1027 1703 noscendisque
1068 1647 1324 1703 singularum
1364 1647 1497 1687 causis

112 1707 380 1762 consumpsit.

168 1763 253 1804 Per
275 1763 532 1804 indutiarum
559 1772 722 1818 tempus
743 1771 785 1803 et
806 1777 859 1803 ex
884 1762 1075 1803 Sardinia
1096 1763 1146 1802 ab
1169 1761 1350 1802 Lentulo
1379 1776 1496 1816 prae·
1509 1770 1678 1801 Commea-

113 1830 200 1862 tore
241 1829 412 1861 centum
447 1821 658 1860 onerariae
694 1835 832 1869 naves,
870 1835 965 1860 cum
1002 1828 1236 1860 commeatu
1272 1827 1314 1859 et
1348 1818 1496 1873 viginti
1509 1817 1620 1884 {iusfx-
1635 1814 1705 1843 Sar-

112 1886 379 1918 rostratarum
399 1877 618 1932 praesidio,
637 1884 678 1917 et
699 1877 749 1917 ab
770 1877 902 1924 hoste,
925 1885 967 1916 et
987 1877 1038 1917 ab
1061 1876 1374 1931 tempestatibus
1395 1875 1497 1915 mari
1510 1864 1662 1926 ξέξζδᾞῖ

113 1942 217 1983 tuto,
258 1935 302 1974 in
349 1934 534 1974 Africam
581 1933 906 1973 transmiserunt.
973 1932 1052 1972 Cn.
1089 1932 1264 1973 Octavio
1307 1932 1497 1972 ducentis
1511 1945 1563 1975 Ex
1579 1945 1699 1976 Sicilia,

114 1991 325 2039 onerariis,
347 1990 517 2045 triginta
542 1989 676 2044 longis
709 1989 882 2028 navibus
910 2003 963 2028 ex
994 1988 1134 2028 Sicilia
1155 1988 1389 2036 traiicienti,
1412 2003 1498 2028 non

115 2047 261 2088 eadem
277 2047 443 2087 fortuna
462 2046 552 2086 fuit.
599 2044 653 2084 In
674 2053 943 2099 conspectum
964 2044 1093 2084 ferme
1112 2045 1278 2085 Africae
1300 2059 1496 2099 prospero

82 2119 238 2144 ‘zcursu
272 2111 438 2144 vectum
473 2103 608 2158 primo
644 2101 834 2142 destituit
868 2109 1042 2149 ventus3
1088 2101 1240 2141 deinde
1277 2115 1417 2141 versus
1453 2101 1496 2140 in
1511 2112 1630 2143 Classis
1646 2112 1706 2142 dis-

115 2160 306 2202 Afficum
348 2159 540 2208 turbavit,
583 2174 629 2199 ac
673 2158 825 2213 passim
865 2173 989 2198 naves
1029 2157 1202 2198 disiecit.
1264 2157 1359 2213 Ipse
1402 2154 1709 2198 cumiectavento.

114 2217 309 2266 rostratis,
355 2232 430 2272 per
472 2216 662 2256 adversos
706 2215 857 2255 fluctus
902 2214 1064 2269 ingenti
1108 2215 1313 2269 remigum
1358 2214 1497 2255 labore

115 2274 267 2323 enisus,
310 2273 520 2329 Apollinis
560 2271 891 2328 promontorium
932 2271 1092 2312 tenuit:
1145 2271 1370 2319 onerariae,
1406 2285 1499 2326 pars

77 1117 97 1148 9

159 2413 176 2445 7
200 2415 251 2443 M.
269 2413 416 2443 Valerius
431 2411 610 2448 Laevinus]
638 2411 678 2441 cf.
693 2411 786 2449 Supr.
878 2420 888 2440 1
915 2410 1153 2449 Noscendisque
1188 2409 1391 2447 sinyzdarum
1424 2419 1499 2439 cau-

115 2455 203 2486 xxiX.
225 2465 236 2484 1
247 2465 270 2485 1.
831 2453 890 2490 sis]
913 2451 1184 2490 Inquhendoque,
1200 2460 1339 2489 quanam
1356 2450 1388 2479 in
1405 2460 1501 2480 causa

158 2498 177 2527 8
202 2498 259 2527 Cn.
275 2497 432 2527 Servilius
461 2496 586 2533 consul]
623 2494 686 2526 Cui
716 2504 785 2533 pro·
830 2494 974 2533 singulae
1012 2497 1127 2530 essent,
1159 2503 1239 2531 quae
1275 2492 1387 2531 magis,
1418 2503 1501 2530 quae

118 2539 222 2570 vincia
238 2538 357 2568 Bruttii
373 2541 555 2567 evenerant.
829 2536 937 2565 minus
946 2540 1198 2573 nocentes‚quae
1209 2534 1338 2564 omnino
1350 2534 1501 2564 innoxiae

160 2591 179 2622 9
202 2582 305 2611 Haud
327 2581 455 2615 dubius,
479 2580 575 2619 quin]
609 2578 675 2609 Sibi
699 2578 786 2608 haud
831 2578 939 2607 haberi
957 2582 1095 2616 possent.
1119 2577 1225 2608 szv.

118 2623 215 2654 dubie
243 2623 388 2652 tribuens
418 2625 552 2660 pacatae
579 2620 696 2651 Italiae
719 2621 785 2659 glo·
873 2630 890 2649 2
923 2621 1037 2650 Versus
1079 2620 1114 2649 in
1151 2618 1318 2656 Africum]
1365 2618 1502 2656 Africus

117 2665 209 2703 riam,
225 2675 306 2704 quae
323 2668 431 2694 tamen
448 2667 515 2693 tota
532 2662 691 2702 Scipionis
707 2666 786 2699 erat,
831 2661 988 2693 Romanis
1018 2662 1058 2691 ab
1086 2661 1195 2691 Africa
1225 2661 1335 2696 flabat,
1364 2660 1500 2699 ideoque

117 2712 150 2738 et
173 2716 365 2746 persequens
385 2705 617 2741 Hannibalem,
632 2708 787 2744 tanquam
831 2703 1056 2742 navigantibus
1068 2713 1108 2733 ex
1124 2702 1234 2733 Sicilia
1249 2703 1399 2732 adversus
1415 2706 1501 2738 erat3

118 2749 174 2780 ille
189 2759 208 2780 a
224 2759 257 2779 se
272 2749 384 2789 pulsus
400 2752 490 2779 esset.
512 2747 617 2779 CREV.
831 2746 906 2776 inde
923 2746 1032 2785 paullo
1049 2749 1121 2785 post
1136 2746 1261 2776 adversi
1268 2746 1402 2783 fluctus.
1420 2744 1501 2777 ΕΑΒ,
