1877 3178
385 106 466 144 314
890 100 1037 143 ΤΙΤΙ
1077 100 1254 142 LIVII

180 200 224 230 U.
241 200 278 231 C.
302 197 398 239 542·‘
413 192 549 233 sulum
580 192 701 233 Italia
730 192 966 248 bellumque
995 208 1090 233 cum
1122 191 1358 234 Hannibale
1389 194 1599 248 provincia
1622 202 1750 235 esset:

178 242 217 273 A·
242 243 280 274 C·
302 253 372 274 ²¹0‘
388 255 399 274 ‘
412 249 514 291 alter
534 249 715 299 classem,
734 250 800 290 cui
822 250 871 290 T.
891 250 1092 291 Otacilius
1108 250 1361 305 praefuisset,
1380 250 1643 307 Siciliamque
1660 266 1754 306 pro-

387 307 587 348 ‘vinciam
609 322 703 347 cum
729 307 777 347 L.
800 307 949 348 Cincio
970 316 1156 362 praetore
1179 307 1409 348 obtineret.’
1470 307 1686 349 Exercitus
1706 308 1755 348 iis

386 365 469 405 duo
483 364 650 412 decreti,
669 364 741 419 qui
763 364 806 404 in
830 363 995 404 Etruria
1014 363 1232 419 Galliaque
1251 373 1396 405 essent.
1459 364 1544 405 Eae
1562 374 1756 420 quattuor

386 430 503 462 erant
518 421 712 476 legiones.
775 420 968 461 Urbanae
987 421 1091 461 duae
1109 421 1328 476 superioris
1349 422 1445 462 anni
1462 422 1506 461 in
1528 421 1752 470 Etruriam3
1769 434 1785 466 5

387 479 507 527 duae,
525 478 674 533 quibus
699 477 904 533 Sulpicius
925 477 1067 518 consul
1088 478 1339 533 praefuisset,
1357 478 1400 518 in
1425 478 1602 519 Galliam
1619 478 1755 518 mitte-

386 544 540 576 rentur.
605 534 763 575 Galliae
787 543 828 575 et
849 534 1078 590 legionibus
1095 544 1312 590 praeesset,
1327 551 1451 590 quem
1469 535 1623 584 consul,
1639 535 1755 575 cuius

388 592 507 633 Italia
536 592 746 647 provincia
775 600 892 641 esset,
924 592 1194 647 praefecisset.
1257 592 1307 632 In
1340 592 1549 633 Etruriam
1583 592 1631 632 C.
1658 591 1756 632 Cal-

386 649 572 705 purnius,
594 658 686 704 post
705 658 939 703 praeturam
963 659 1183 705 prorogato
1204 650 1247 689 in
1276 665 1431 689 annum
1452 649 1637 704 imperio,
1660 649 1756 689 mis-

387 721 477 755 sus3
510 715 551 746 et
576 706 627 753 Q.
647 706 791 746 Fulvio
816 706 962 761 Capua
982 707 1191 761 provincia
1211 706 1389 756 decreta,
1407 714 1754 762 prorogatumque

387 763 431 803 in
451 778 605 803 annum
624 763 853 818 imperium.
908 763 1125 804 Exercitus
1143 764 1293 803 civium
1315 764 1600 818 sociorumque
1622 762 1756 803 minui

387 820 531 869 iussus,
554 829 600 860 ut
627 835 678 860 ex
707 820 865 860 duabus
895 819 1126 875 legionibus
1154 836 1236 861 una
1263 820 1383 875 legio,
1414 821 1599 876 quinque
1628 819 1756 859 millia

386 877 575 932 peditum
606 886 648 917 et
678 877 851 917 trecenti
881 877 1041 931 equites
1072 887 1230 925 essent3
1264 872 1450 926 dimissis,
1478 878 1549 933 qui
1579 877 1756 932 plurima

387 934 594 989 stipendia
613 934 837 973 haberent:
872 943 913 974 et
941 934 1143 974 sociorum
1169 944 1325 989 septem
1354 934 1481 974 millia
1504 934 1692 989 peditum
1714 942 1755 974 et

388 991 561 1031 trecenti
583 990 744 1045 equites
760 990 1102 1044 relinquerentur,
1121 991 1266 1031 eadem
1283 992 1439 1032 ratione
1457 990 1754 1045 stipendiorum

387 1047 528 1088 habita
548 1047 591 1086 in
611 1047 818 1087 veteribus
839 1047 1036 1087 militibus
1058 1047 1326 1088 dimittendis.
1392 1048 1470 1088 Cn.
1490 1047 1635 1088 Fulvio
1657 1063 1756 1088 con-

386 1103 465 1144 suli
486 1103 706 1159 superioris
727 1103 836 1151 anni,
859 1118 936 1143 nec
958 1103 1009 1144 de
1037 1104 1248 1158 provincia
1276 1104 1442 1159 Apulia,
1466 1120 1543 1144 nec
1564 1104 1615 1144 de
1637 1119 1755 1145 exer-

387 1161 484 1209 citu,
507 1176 633 1215 quem
654 1160 865 1209 habuerat,
889 1160 1111 1216 quicquam
1137 1169 1352 1201 mutatum.
1415 1161 1598 1201 Tantum
1619 1161 1662 1201 in
1683 1176 1754 1201 an-

385 1233 487 1258 num
512 1226 776 1273 prorogatum
805 1217 1023 1273 imperium
1053 1226 1124 1258 est.
1186 1218 1232 1258 P.
1256 1217 1461 1273 Sulpicius
1485 1217 1642 1273 collega
1668 1218 1755 1258 eius

386 1290 551 1315 omnem
580 1274 820 1323 exercitum,
850 1283 1012 1330 praeter
1039 1275 1169 1315 socios
1193 1274 1369 1323 navales,
1396 1275 1526 1315 iussus
1547 1275 1754 1315 dimittere

386 1341 457 1372 est.
520 1331 626 1372 Item
649 1347 699 1372 ex
725 1331 862 1372 Sicilia
884 1332 1100 1381 exercitus,
1124 1332 1190 1372 cui
1213 1331 1273 1372 M.
1298 1331 1516 1372 Cornelius
1537 1340 1753 1387 praeesset,

386 1389 457 1429 ubi
497 1389 639 1429 consul
678 1389 721 1428 in
761 1389 1013 1443 provinciam
1054 1389 1244 1437 venisset,
1287 1389 1439 1429 dimitti
1478 1389 1622 1430 iussus.
1703 1388 1752 1429 L.

390 1446 539 1485 Cincio
560 1446 738 1500 praetori
760 1446 811 1486 ad
833 1446 1098 1487 obtinendam
1132 1445 1312 1486 Siciliam
1337 1445 1578 1486 Cannenses
1605 1445 1755 1486 milites

386 1503 485 1551 dati,
504 1502 679 1543 duarum
700 1503 827 1543 instar
846 1502 1068 1558 legionum.
1131 1503 1169 1543 T
1173 1503 1327 1544 otidcm
1348 1503 1529 1558 legiones
1550 1503 1594 1543 in
1618 1502 1755 1544 Sardi-

387 1560 497 1599 niam
527 1559 573 1599 P.
592 1559 750 1599 Manlio
774 1559 949 1601 Vulsoni
978 1560 1155 1614 praetori
1176 1560 1377 1609 decretae,
1402 1560 1550 1616 quibus
1579 1560 1627 1600 L.
1651 1558 1755 1601 Cor-

388 1616 519 1656 nelius
540 1616 583 1656 in
601 1616 745 1656 cadem
763 1616 972 1671 provincia
988 1617 1122 1671 priore
1140 1632 1249 1657 anno
1263 1617 1503 1672 praefuerat.
1567 1617 1756 1658 Urbanas

386 1673 570 1729 legiones
591 1673 649 1713 ita
675 1673 850 1713 scribere
877 1673 1064 1713 consules
1090 1674 1200 1722 iussi,
1224 1689 1275 1714 ne
1298 1689 1421 1728 quem
1448 1674 1620 1714 militem
1648 1674 1756 1714 face-

386 1739 490 1779 rent,
523 1730 595 1786 qui
631 1730 674 1770 in
710 1730 896 1770 exercitu
932 1729 992 1769 M.
1020 1729 1199 1779 Claudii,
1233 1730 1294 1771 M.
1320 1730 1489 1778 Valerii,
1531 1730 1582 1777 Q.
1608 1730 1753 1780 Fulvii,

181 1797 336 1837 Legiones
385 1787 579 1835 fuissent,
613 1802 716 1827 neve
739 1802 787 1827 co
809 1802 917 1827 anno
938 1786 1087 1841 plures,
1111 1802 1235 1841 quarn
1252 1802 1334 1827 una
1355 1796 1395 1827 et
1415 1787 1576 1842 viginti,
1600 1787 1785 1827 Roma-6

180 1852 229 1872 ²¹·
385 1859 462 1885 nae
484 1844 667 1900 legiones
689 1852 834 1884 essent.

240 1909 306 1946 29.
443 1901 522 1942 His
543 1900 904 1942 senatusconsultis
924 1900 1129 1955 perfectis,
1152 1901 1283 1941 sortiti
1304 1900 1532 1955 provincias
1553 1900 1752 1941 consules.

179 1963 336 2010 Marcello
388 1958 527 1999 Sicilia
546 1967 587 1999 ct
609 1958 743 1998 classis
765 1957 979 2006 Marcello,
998 1956 1117 1997 Italia
1137 1972 1231 1997 cum
1254 1957 1361 1998 bello
1378 1957 1569 1998 adversus
1592 1956 1756 1997 Hanni-

180 2006 307 2077 &fell-ff?
384 2015 519 2056 balem
541 2015 725 2055 Laevino
747 2014 895 2055 evenit.
962 2014 1081 2061 Quae
1104 2029 1200 2063 sors,
1223 2014 1335 2054 velut
1357 2015 1505 2054 iterum
1527 2015 1655 2069 captis
1679 2013 1756 2070 Sy—

179 2071 357 2120 Simmiam
385 2073 548 2121 racusis,
571 2072 628 2112 ita
649 2072 899 2112 exanimavit
923 2071 1091 2120 Siculos,
1115 2071 1419 2127 exspectatione
1449 2071 1566 2111 sortis
1594 2071 1634 2110 in
1657 2086 1756 2111 con-

178 2132 355 2170 legatorum
385 2129 518 2170 sulum
541 2138 764 2184 conspectu
795 2137 961 2177 stantes,
985 2136 1031 2168 ut
1052 2128 1318 2183 comploratio
1346 2143 1488 2168 eorum
1515 2127 1754 2183 flebilesque

179 2174 354 2246 ppgnplora-
384 2202 504 2227 voces
532 2195 574 2226 et
603 2185 813 2241 extemplo
841 2185 980 2225 oculos
1009 2185 1222 2225 hominum
1253 2193 1549 2233 converterent,
1577 2193 1618 2225 et
1644 2193 1756 2240 post-

226 2240 233 2247 ’
385 2243 509 2284 modo
534 2258 741 2283 sermones
771 2242 1047 2297 praebuerint.
1112 2241 1399 2282 Circumibant
1427 2241 1538 2282 enim
1566 2249 1755 2282 senatum

385 2316 479 2341 cum
501 2309 611 2341 veste
634 2300 808 2348 sordida,
832 2300 1092 2347 affirmantes,
1116 2304 1127 2322 ‘
1143 2314 1184 2339 se
1211 2314 1296 2339 non
1323 2298 1446 2339 modo
1474 2314 1589 2338 suam
1611 2314 1755 2354 quem-

387 2364 398 2380 ‘
412 2373 492 2413 que
513 2357 699 2412 patriam,
714 2356 788 2397 sed
809 2365 937 2396 totam
962 2355 1154 2402 Siciliam,
1170 2355 1394 2404 relicturos,
1412 2355 1445 2395 si
1462 2370 1510 2396 eo
1533 2354 1755 2396 Marcellus

387 2415 563 2455 ‘iterum
585 2429 680 2454 cum
702 2413 876 2468 imperio
896 2412 1078 2453 redisset.
1141 2412 1270 2453 Nullo
1291 2428 1364 2453 suo
1381 2412 1638 2459 meritoeum
1659 2420 1753 2452 ante

387 2470 713 2527 ‘implacabilem
741 2470 784 2510 in
805 2485 847 2510 se
867 2470 1014 2510 fuisse:
1048 2469 1149 2525 quid
1177 2470 1338 2518 iratum,
1362 2469 1475 2524 quod
1504 2468 1681 2509 Romam
1701 2468 1754 2509 de

387 2534 398 2551 ‘
412 2544 453 2569 se
475 2538 669 2583 questum
685 2528 843 2568 venisse
869 2526 1026 2567 Siculos
1043 2527 1154 2576 sciat,
1172 2526 1407 2567 facturum?
1441 2525 1573 2567 Obrui
1591 2525 1753 2566 Aetnae

388 2585 591 2640 ‘ignibus,
633 2594 704 2625 aut
743 2584 874 2640 mergi
906 2584 1023 2633 freto,
1056 2584 1180 2624 satius
1215 2583 1275 2624 illi
1307 2582 1466 2623 insulae
1499 2597 1599 2632 esse,
1622 2597 1750 2638 quam

430 2716 445 2744 5
475 2709 622 2737 Urhanae
639 2709 736 2745 duae]
766 2707 818 2737 Ex
840 2706 948 2736 multis
972 2706 1047 2736 locis
1091 2706 1116 2735 si
1142 2705 1186 2735 ita
1209 2716 1258 2736 res
1284 2709 1438 2745 posceret,
1458 2705 1606 2735 adversus
1629 2705 1751 2734 hostem

388 2748 469 2778 Livii
486 2753 617 2783 constat,
633 2751 766 2787 leyz'ones
782 2751 922 2779 urbanas
937 2749 978 2778 ad
1000 2752 1046 2777 tu-
1092 2748 1164 2777 duci
1180 2748 1287 2777 solitas
1303 2748 1406 2777 fuisse.
1431 2747 1522 2777 DUK.

387 2790 484 2819 telam
519 2790 603 2819 urbis
637 2791 740 2825 scribi,
769 2801 806 2821 ae
836 2790 951 2820 deinde
984 2791 1047 2820 fere
1133 2789 1152 2819 6
1176 2791 1339 2826 Fuissent]
1363 2799 1404 2819 sc.
1417 2789 1467 2819 Ex
1483 2788 1531 2826 iis,
1542 2787 1594 2826 qui
1609 2787 1749 2818 fuissent.

387 2832 486 2861 altero
506 2841 600 2868 anne,
623 2832 780 2861 interdum
805 2832 900 2861 etiam
925 2832 1047 2867 eodem,
1091 2833 1195 2862 Cam.
