1871 3178
491 92 616 133 LIB.
649 91 819 131 XXIX.
867 92 952 131 (JA
968 91 1012 132 P.
1038 96 1103 132 28.
1410 97 1492 134 489

109 191 285 238 tempus,
318 198 402 237 quo
434 182 579 238 pridie,
613 191 758 222 exorta
787 189 1056 236 conspectum
1090 189 1221 221 terrac
1255 182 1422 230 ademit,
1452 191 1701 229 et1J.‹*.5⁴8.

108 248 257 280 ventus
290 248 505 294 premente
540 238 693 279 nebula
725 238 887 278 eccidit.
953 237 1051 276 Nox
1086 236 1240 277 deinde
1275 234 1546 279 incertioraA·
1570 235 1607 264 C·
1633 243 1702 270 ²0⁴·

109 296 250 336 omnia
269 296 378 336 fecit.
441 295 588 351 Itaque
615 310 796 343 ancoraS,
819 309 872 334 ne
899 306 971 334 aut
996 294 1105 334 inter
1129 308 1171 333 se
1198 306 1495 336 concurrerent

109 367 248 401 naves,
281 361 352 393 aut
383 362 514 393 terrae
548 353 812 400 inferrentur,
839 351 985 391 iecere.
1050 350 1135 390 I'bi
1168 349 1318 399 illuxit,
1345 360 1494 392 ventus

110 409 221 450 idem
244 419 419 458 coortus,
443 409 595 450 nebula
616 409 799 456 disiecta,
823 407 985 463 aperuit
1010 407 1150 447 omnia
1173 406 1339 447 Africae
1363 407 1492 448 litora.

113 466 266 521 Scipio,
289 466 403 521 quod
429 475 535 507 esset
560 466 796 521 proximum
823 464 1165 520 promontorium,
1188 473 1494 518 percunctatus,
1510 474 1558 503 Ad
1575 475 1703 504 Pulchri

110 537 241 577 quum
275 523 445 564 Pulchri
479 522 807 578 promontorium
842 521 885 561 id
917 520 1053 561 vocari
1086 520 1280 569 audisset,
1326 521 1494 562 ‘Placet
1511 517 1616 588 l'ff'lm·
1633 527 1687 555 ‘¹1’-

111 585 123 603 ‘
139 580 290 629 omen?
311 580 474 635 inquit3
509 585 519 602 ‘
536 579 617 619 huc
640 579 806 633 dirigite
829 578 979 618 nach.9
1040 576 1104 617 Eo
1128 576 1266 618 classis
1287 577 1492 619 decurrit:
1510 569 1547 597 pt
1579 563 1612 588 η’

110 637 340 692 copiaeque
362 651 506 677 omnes
528 636 568 675 iu
594 645 743 676 terram
765 635 977 690 expositae
999 643 1106 674 sunt.

169 693 414 749 Prosperam
444 693 751 747 navigationem
781 692 870 731 sine
900 700 1054 732 terrore
1081 706 1127 732 ac
1154 691 1336 732 tumultu
1358 691 1495 741 fuisse,

110 750 329 806 permultis
360 750 532 790 Graecis
561 749 806 803 Latinisque
837 748 1074 788 auctoribus
1103 748 1288 789 credidi:
1326 749 1497 789 Coelius

111 822 233 856 unus,
260 815 551 862 praeterquam
580 805 695 861 quod
728 820 813 845 non
847 819 1000 845 mersas
1031 805 1226 846 fluctibus
1258 821 1395 855 naveS,
1431 821 1499 846 ce-

111 872 220 904 teros
247 878 391 904 omnes
419 863 618 904 coelestes
646 863 957 917 maritimosque
987 871 1174 911 terrores,
1197 872 1405 918 postremo
1427 863 1499 903 ab-

111 929 271 976 reptam
307 928 552 975 tempestate
590 920 641 960 ab
679 919 823 960 Africa
857 919 1027 959 classem
1064 919 1115 959 ad
1153 919 1328 959 insulam
1369 920 1499 973 Aegi-

111 992 290 1026 murum,
314 977 411 1017 inde
441 992 561 1032 aegre
590 986 820 1017 correctum
854 991 1034 1025 cursum,
1057 976 1256 1031 exponit:
1291 985 1346 1025 et,
1370 991 1498 1031 prope

111 1034 270 1075 obrutis
305 1034 491 1082 navibus,
526 1033 686 1073 iniussu
722 1033 992 1087 imperatoriS,
1027 1033 1201 1088 scaphis,
1236 1033 1348 1073 haud
1381 1048 1499 1073 secus

111 1104 236 1146 quam
260 1091 492 1145 naufragos,
515 1090 666 1129 milites
687 1090 774 1129 sine
798 1090 920 1129 armis
945 1104 1039 1129 cum
1067 1090 1225 1144 ingenti
1250 1089 1433 1130 tumultu
1454 1090 1498 1130 in

113 1156 262 1188 terram
285 1147 470 1188 evasisse.

172 1204 385 1259 Expositis
406 1203 548 1259 copiis,
574 1203 755 1244 Romani
778 1212 911 1243 castra
932 1203 974 1242 in
997 1203 1196 1258 proximis
1219 1203 1389 1243 tumulis
1411 1218 1495 1244 me·
1575 1203 1640 1240 28-

113 1270 264 1302 tantur.
328 1260 417 1301 Iam
456 1275 541 1301 non
583 1260 626 1299 in
667 1259 896 1300 maritimos
936 1260 1061 1300 modo
1102 1275 1233 1314 agros,
1271 1256 1673 1315 conspectuTes.rorin

112 1318 294 1374 primum
336 1317 485 1366 classis,
527 1317 625 1357 dein
667 1316 849 1356 tumultu
895 1316 1200 1371 egredientium
1246 1317 1289 1357 in
1332 1326 1496 1366 terram,
1512 1300 1630 1330 Africa.

112 1389 241 1430 pavor
273 1382 488 1429 terrorque
524 1382 781 1429 pervenerat,
816 1373 889 1414 sed
925 1375 967 1413 in
1004 1374 1110 1429 ipsas
1146 1374 1279 1414 urbes.
1344 1373 1497 1429 Neque

114 1432 226 1472 enim
260 1431 479 1471 hominum
511 1431 635 1471 modo
668 1430 800 1478 turba,
833 1430 1053 1470 mulierum
1086 1446 1395 1486 puerorumque
1429 1446 1500 1487 ag-

115 1487 298 1528 minibus
337 1488 541 1536 immixta,
583 1502 727 1527 omnes
772 1487 923 1542 passim
969 1487 1248 1543 compleverat
1288 1488 1386 1537 vias,
1427 1488 1501 1528 sed

115 1559 266 1600 pecora
285 1560 454 1600 quoque
477 1559 574 1600 prae
597 1559 638 1584 se
661 1553 844 1599 agrestes
865 1544 1066 1599 agebant3
1094 1553 1140 1584 ut
1161 1544 1341 1599 relinqui
1363 1545 1501 1585 subito

117 1602 305 1642 Africam
328 1601 498 1642 diceres.
553 1601 738 1641 Urbibus
759 1615 856 1641 vero
877 1601 975 1656 ipsis
996 1600 1207 1649 maiorem,
1227 1616 1351 1656 quam
1374 1615 1501 1656 quem

115 1673 256 1699 secum
279 1658 516 1706 attulerant,
542 1667 739 1698 terrorem
761 1657 1006 1698 inferebant.
1068 1657 1299 1713 Praecipue
1325 1657 1502 1698 Cartha-

115 1715 224 1769 ginis
244 1730 373 1770 prope
396 1723 443 1755 ut
463 1724 606 1769 captae
630 1713 833 1755 tumultus
854 1714 942 1754 fuit.
993 1713 1104 1754 Nam
1126 1723 1220 1769 post
1242 1714 1303 1754 M.
1322 1714 1501 1755 Atilium

119 1772 333 1827 Regulum
369 1780 411 1811 et
442 1771 491 1811 L.
512 1771 722 1811 Manlium
753 1770 956 1820 consules,
983 1771 1102 1811 annis
1132 1786 1261 1827 prope
1294 1772 1503 1827 quinqua—

115 1828 244 1883 ginta,
267 1827 429 1868 nullum
454 1828 693 1869 Romanum
719 1828 950 1868 exercitum
971 1828 1173 1875 viderant,
1197 1837 1361 1884 practer
1384 1843 1503 1884 prae—

116 1885 296 1926 datorias
331 1884 492 1934 classes,
529 1885 680 1940 quibus
717 1885 1007 1925 exscensiones
1043 1885 1087 1924 in
1123 1900 1240 1940 agros
1275 1885 1504 1926 maritimos

116 1941 247 1982 factae
279 1950 422 1982 erant:
456 1943 682 1997 raptisque,
705 1957 811 1996 quae
843 1941 963 1981 obvia
993 1941 1075 1981 fors
1104 1941 1270 1990 fecerat,
1296 1942 1410 1997 prius
1440 1957 1504 1984 re-

117 2013 284 2039 cursum
309 2013 473 2053 semper
498 1998 550 2038 ad
578 2013 715 2046 naves,
745 2012 871 2051 quam
904 1997 1059 2037 clamor
1092 2006 1273 2052 agrestes
1305 1999 1503 2047 conciret,

118 2054 262 2095 fuerat.
325 2054 389 2094 Eo
421 2054 551 2094 maior
583 2063 671 2094 tum
702 2054 801 2107 fuga
830 2068 1040 2108 pavorque
1072 2053 1116 2093 in
1147 2054 1248 2094 urbe
1279 2054 1369 2094 fuit.
1434 2054 1502 2104 Et,

118 2111 301 2159 hercule,
331 2125 469 2165 neque
502 2110 707 2151 exercitus
738 2110 852 2150 domi
883 2109 1056 2158 validus,
1087 2125 1225 2165 neque
1253 2110 1353 2159 dux,
1377 2125 1503 2165 quem

119 2176 392 2223 opponerent,
415 2176 513 2207 erat.
564 2166 813 2215 Hasdrubal,
835 2165 1033 2221 Gisgonis
1053 2166 1176 2216 filius,
1199 2182 1364 2222 genere,
1382 2168 1503 2216 fama,

119 2224 286 2272 divitiis,
315 2224 429 2279 regia
457 2233 544 2264 tum
580 2223 704 2263 etiam
738 2223 949 2270 affinitate,
980 2222 1103 2278 longe
1136 2224 1294 2279 primus
1328 2224 1505 2265 civitatis

119 2290 231 2322 crat:
265 2280 339 2321 sed
359 2295 456 2321 eum
481 2281 531 2321 ab
556 2279 627 2321 illo
655 2280 744 2335 ipso
771 2279 964 2334 Scipione
994 2279 1152 2335 aliquot
1180 2280 1346 2336 proeliis
1366 2281 1503 2322 fusum

120 2337 370 2393 pulsumque
407 2337 450 2377 in
487 2336 693 2392 Hispania
728 2337 1028 2377 meminerant:
1074 2352 1152 2377 nec
1188 2337 1318 2392 magis
1353 2337 1503 2378 ducem

121 2394 219 2434 duci
240 2408 394 2449 parem,
419 2408 545 2448 quam
567 2393 885 2433 tumultuarium
910 2394 1140 2434 exercitum
1167 2409 1287 2433 suum
1311 2394 1505 2435 Romano

121 2450 324 2491 exercitui
355 2464 453 2490 esse.
515 2449 678 2504 Itaque,
709 2449 824 2490 velut
853 2450 886 2489 si
918 2451 1063 2490 urbem
1098 2450 1310 2506 extemplo
1341 2466 1505 2506 aggres-

122 2522 240 2548 surus
264 2506 403 2561 Scipio
418 2506 536 2555 foret,
555 2506 612 2546 ita
633 2505 686 2545 ad
707 2521 820 2546 arma
840 2515 902 2546 est
923 2506 1251 2547 conclamatum:
1275 2517 1504 2563 portaeque

123 2564 271 2619 raptim
297 2562 458 2603 clausae
484 2571 526 2603 et
554 2563 700 2602 armati
728 2563 771 2602 in
800 2562 940 2611 muris,
962 2562 1211 2618 vigiliaeque
1241 2572 1282 2604 ct
1309 2564 1506 2605 stationes

123 2620 357 2675 dispositae,
381 2634 427 2660 ac
456 2631 576 2660 nocte
606 2619 844 2675 insequenti
866 2618 1080 2674 vigilatum
1105 2629 1178 2661 est.
1241 2620 1415 2662 Postero
1437 2621 1504 2662 die

172 2781 179 2799 1
208 2771 315 2800 Annis
328 2781 428 2808 prope
444 2770 697 2809 quinquaqinta]
722 2770 793 2799 Imo
839 2770 886 2799 M.
903 2770 1039 2808 Regulo.
1058 2771 1094 2801 L.
1109 2771 1233 2802 Manlio
1250 2772 1441 2803 consulibus
1467 2774 1506 2803 cf.

125 2812 175 2842 hic
189 2816 234 2842 est
248 2822 350 2842 annus
360 2810 640 2851 quinquagesimus
652 2811 764 2842 tertius
776 2823 793 2841 a
839 2822 922 2851 supr.
940 2812 1049 2842 xxviii.
1068 2822 1117 2851 45.
