1871 3178
526 105 649 147 LIB.
683 105 825 147 XXV.
873 103 1014 145 (JAl‘.
1049 109 1085 144 5.

130 197 171 238 ni
192 196 315 237 vades
342 195 470 245 daret,
493 196 694 251 prehendi
716 211 740 236 a
766 195 933 241 viatore,
957 202 1080 248 atque
1109 192 1151 231 in
1173 207 1376 233 carcerem
1399 195 1492 235 duci
1514 204 1553 234 1¹.
1571 205 1607 233 (1.
1631 212 1700 242 540-

129 255 344 294 iusserunt.
407 253 656 301 Postumius,
685 251 856 293 vadibus
880 250 997 298 datis,
1021 264 1104 290 non
1131 249 1257 289 affuit.
1320 250 1494 291 Tribuni
1511 248 1547 277 A.
1572 248 1608 277 C..
1632 255 1702 276 ²¹²·

128 311 290 367 plebem
313 319 570 365 legaverunt,
592 310 815 365 plebesque
837 308 893 348 ita
912 307 1051 348 scivit:
1087 313 1097 329 ‘
1115 306 1158 347 Si
1181 306 1241 346 M.
1262 306 1497 347 Postumius

131 374 142 392 ‘
157 377 252 409 ante
277 363 486 408 Kalendas
508 367 642 408 Maias
664 382 746 407 non
767 365 980 421 prodisset,
1003 364 1232 418 citatusque
1254 379 1303 404 co
1324 363 1391 404 die
1414 380 1496 405 non

98 426 443 481 9‘respondisset,
467 440 602 479 neque
631 433 847 464 excusatus
868 430 986 470 esset,
1010 420 1137 462 videri
1166 436 1261 461 eum
1284 420 1325 460 in
1354 421 1497 462 exsilio

104 502 113 522 ι
132 488 264 523 ‘csse:
298 484 488 537 bonaque
510 483 597 522 eius
619 480 768 528 venire,
792 480 867 534 ipsi
896 494 1002 533 aqua
1022 487 1064 518 et
1084 478 1168 533 igni
1192 477 1350 533 placere
1372 478 1498 519 inter-

132 546 142 564 ‘
159 540 266 580 dici.'
328 539 508 594 Singulis
547 537 698 578 deinde
739 551 893 585 corum,
931 536 1002 591 qui
1036 536 1177 575 turbae
1216 551 1262 575 ac
1298 535 1499 575 tumultus

130 597 401 638 concitatores
439 596 613 644 fuerant,
647 595 706 635 rei
746 593 930 649 capitalis
965 593 1074 633 diem
1110 592 1260 642 dicere,
1298 607 1344 633 ae
1376 592 1499 633 vades

131 669 297 711 poscere
323 662 557 709 coeperunt.
620 652 760 692 Primo
787 666 872 691 non
898 650 1055 699 dantes,
1085 649 1236 690 deinde
1265 650 1387 690 etiam
1416 665 1497 697 eos,
1515 656 1705 704 t11oxsi1iu331

132 712 203 767 qui
225 711 321 752 dare
342 718 519 766 possent,
543 710 586 750 in
613 724 817 750 carcerem
839 708 1136 748 coniiciebant:
1170 707 1286 747 euius
1313 707 1372 747 rei
1393 707 1578 770 peri-''¹¹5‘'
1594 700 1694 771 {2³¹¹ss

131 768 271 810 culum
291 768 465 808 vitantes
486 767 672 822 plerique
694 766 736 806 in
758 765 947 806 exsilium
969 765 1169 805 abierunt.
1510 752 1616 814 {dlff’
1652 753 1703 771 ω’

190 825 318 866 Hune
336 825 446 865 fraus
472 824 798 880 publicanorum,
826 822 978 863 deinde
1006 821 1193 862 fraudem
1215 821 1387 862 audacia
1406 836 1500 877 pro·
1590 828 1626 866 5,

102 891 288 938 2tegens,
325 882 483 922 exitum
524 881 677 922 habuit.
742 880 923 921 Comitia
962 879 1059 919 inde
1096 879 1281 934 pontifici
1320 879 1500 920 maximo

103 939 311 985 gei-cando
331 948 427 980 sunt
447 939 596 979 habita.
660 938 722 979 Ea
748 937 915 979 comitia
939 952 1070 977 novus
1097 936 1284 992 pontifex
1314 935 1376 977 M.
1397 936 1502 977 Cor-

102 996 266 1042 4nelius
285 996 496 1049 Cethegus
513 996 668 1037 habuit.
731 995 834 1035 Tres
855 994 1013 1049 ingenti
1030 994 1253 1034 certamine
1274 993 1499 1049 petierunt:

136 1053 189 1102 Q.
209 1053 376 1094 Fulvius
404 1053 573 1094 Flaccus
601 1052 755 1101 consul,
779 1052 850 1107 qui
872 1061 914 1092 et
935 1060 1028 1092 ante
1050 1051 1111 1091 bis
1132 1050 1275 1091 consul
1299 1059 1341 1091 ct
1361 1065 1504 1091 censor

132 1110 288 1152 fuerat:
321 1119 364 1152 et
385 1111 434 1151 T.
455 1110 640 1151 Manlius
662 1111 910 1164 Torquatus,
933 1118 974 1149 et
995 1109 1080 1163 ipse
1103 1108 1263 1148 duobus
1284 1107 1503 1148 consulati-

134 1168 211 1209 bus
250 1177 292 1208 et
324 1183 496 1209 censura
525 1167 722 1223 insignis:
766 1175 807 1207 ct
847 1165 893 1206 P.
913 1165 1099 1205 Licinius
1138 1165 1320 1213 Crassus,
1355 1165 1426 1219 qui
1463 1173 1503 1205 et
1521 1177 1552 1206 1‘.
1570 1176 1708 1206 Licinius

135 1225 387 1265 aedilitatem
408 1224 592 1265 curulem
620 1224 822 1279 petiturus
849 1231 946 1262 erat.
1009 1221 1091 1262 Hic
1118 1237 1234 1262 senes
1262 1219 1706 1266 honoratos-1¹⁰¹¹t·³¹²3³'·

136 1297 217 1337 que
247 1282 404 1322 iuvenis
433 1282 476 1321 in
503 1297 552 1322 co
580 1281 803 1321 certamine
828 1280 936 1319 vicit.
1002 1279 1111 1319 Ante
1134 1279 1257 1327 hune,
1281 1279 1387 1319 intra
1407 1262 1685 1333 ce11-{¹5¹2¹J¹{'0³1¹3f¹¹‘

137 1348 225 1379 tum
242 1354 369 1379 annos
385 1347 426 1379 et
441 1338 600 1393 viginti,
618 1353 752 1386 nemo,
770 1345 930 1392 praeter
951 1336 996 1376 P.
1016 1335 1258 1376 Cornelium
1276 1335 1500 1384 Calussam,

137 1396 323 1452 pontifex
354 1396 557 1436 maximus
585 1404 744 1435 creatus
772 1394 916 1442 suerat,
946 1394 1017 1448 qui
1048 1393 1147 1433 sella
1173 1393 1305 1433 curuli
1330 1408 1414 1433 non
1441 1408 1502 1433 se—

137 1453 274 1494 disset.

197 1510 400 1551 Consules
420 1524 549 1565 quum
570 1524 688 1561 aegre
717 1508 924 1548 delectum
945 1507 1208 1555 conficerent,
1232 1506 1344 1561 quod
1364 1506 1502 1562 inopia
1518 1517 1709 1547 Delectuum

138 1567 346 1608 iuniorum
367 1583 450 1607 non
471 1566 588 1606 facile
618 1567 661 1605 in
689 1575 924 1619 utrumque,
948 1573 993 1604 ut
1022 1572 1063 1604 et
1083 1579 1211 1604 novae
1240 1564 1419 1604 urbanae
1450 1559 1695 1604 [ffidifficultas.

137 1625 292 1680 giones,
315 1633 356 1665 et
383 1623 716 1680 supplementum
738 1622 944 1662 veteribus
975 1621 1231 1669 scriberetur,
1254 1621 1502 1668 sufficiebat3

108 1690 301 1722 5senatus
327 1681 544 1722 ‘absistere
572 1695 641 1720 eos
667 1679 850 1735 incepto’
871 1679 1014 1727 vetuit,
1038 1683 1103 1719 ‘ct
1130 1678 1363 1719 triumviros
1388 1679 1506 1719 binos

1414 109 1492 146 2:35

179 1799 198 1829 9
229 1789 349 1825 l'z'deri]
376 1788 468 1818 Haec
489 1791 553 1817 erat
577 1787 663 1826 apud
682 1787 798 1816 Roma-

139 1841 195 1861 nos
220 1831 355 1860 formula
381 1830 528 1860 ferendae
553 1829 585 1859 in
613 1839 700 1859 reum
731 1838 798 1858 sen-

138 1873 266 1904 tentiae.
290 1873 358 1903 Cic.
380 1872 412 1902 in
434 1872 523 1902 Verr.
541 1882 568 1901 ν.
590 1881 635 1909 14.
677 1872 799 1901 Fecisse

139 1917 238 1947 videri
265 1916 498 1954 pronuntiavit.
530 1914 569 1944 cf.
593 1914 663 1945 infr.
690 1913 798 1943 xxxiv.

140 1970 189 1997 44.
213 1958 317 1989 Cnnv.

188 2010 199 2030 1
225 2002 321 2040 Aqua
343 2005 373 2030 et
395 2001 463 2039 ἔφη’,
486 2000 613 2038 placere
636 1999 798 2035 interdici]

140 2043 179 2073 ef.
196 2043 287 2082 Supr.
304 2042 323 2072 i.
336 2041 386 2072 60.
431 2042 534 2071 Nulla
551 2042 618 2079 lege
633 2041 719 2079 apud
737 2040 800 2070 Ro-

140 2095 251 2115 manos
266 2088 338 2114 ante
355 2083 562 2123 Calpurniam
580 2083 668 2113 illam
684 2083 723 2112 de
739 2093 802 2112 am-

140 2127 209 2157 bitu
240 2128 337 2157 latam
367 2126 561 2156 maleficium
589 2125 699 2155 exsilio
723 2125 803 2154 niul-

141 2171 275 2200 tabatur.
307 2169 346 2200 cf.
363 2169 431 2199 Cic.
455 2178 510 2207 pro
532 2168 569 2199 A.
587 2167 716 2198 Caecin.
737 2176 803 2197 100.

143 2211 206 2241 Sed
220 2222 288 2241 mos
302 2216 368 2241 erat
383 2211 535 2247 sontibus,
545 2210 598 2248 qui
612 2210 643 2239 in
656 2209 802 2239 exsilium

144 2252 168 2283 si
184 2253 373 2292 recepissent
393 2257 423 2283 et
443 2264 476 2282 se
497 2253 603 2282 sistere
619 2251 804 2287 noluissent,

144 2305 227 2333 aqua
250 2299 279 2324 et
304 2295 368 2333 igni
394 2295 520 2333 publice
547 2294 704 2329 interdici,
720 2294 804 2323 unde

146 2337 251 2372 fiebat,
275 2340 322 2372 ut,
342 2336 400 2366 nisi
427 2337 551 2366 sublato
575 2335 752 2373 interdicto,
773 2335 804 2365 in

146 2378 305 2408 civitatem
322 2378 421 2408 redire
436 2378 474 2407 iis
489 2388 551 2407 non
568 2378 686 2407 liceret.

189 2430 205 2450 2
224 2421 355 2450 Familia
367 2421 437 2450 inde
447 2421 731 2459 pontificinrffiz‘inm
741 2430 804 2449 cre-

145 2464 243 2499 ando]
271 2462 307 2492 L.
323 2462 478 2492 Lentulus
489 2462 611 2491 duobus
624 2461 806 2491 sacerdotiis

147 2505 308 2544 praeditus
330 2504 442 2540 fuerat,
462 2504 660 2542 pontificatu,
676 2506 707 2532 et
730 2513 805 2542 pon-

147 2547 270 2577 tificatu
284 2546 433 2576 maximo.
480 2546 518 2575 ln
539 2545 606 2575 eius
626 2545 741 2574 mortui
763 2545 805 2574 10-

148 2599 220 2619 cum
236 2589 395 2627 Cethegus
418 2588 560 2627 pontifex
583 2588 685 2617 factus
707 2587 808 2616 fuerat

148 2642 232 2671 supr.
245 2641 272 2661 2.
288 2631 322 2661 P.
335 2640 405 2660 vero
418 2631 548 2661 Crassus
564 2629 706 2668 pontifex
720 2639 807 2658 max-

148 2674 239 2704 imus.
263 2674 373 2703 Smox.

193 2726 210 2755 3
233 2717 285 2746 Ea
300 2716 423 2746 comitia
438 2725 538 2745 novus
551 2715 711 2753 pomifer]
747 2713 808 2743 Ad-

150 2758 276 2788 miratio
314 2758 501 2796 quibusdam
543 2761 697 2791 movetur,
734 2766 808 2794 quo-

150 2801 244 2830 modo
260 2801 337 2830 haec
351 2799 479 2829 comitia
495 2798 636 2838 pontifex
654 2798 811 2828 maximus

151 2843 294 2874 habuisse
311 2842 412 2872 dictus
433 2842 482 2879 sit,
499 2851 596 2879 quum
618 2845 662 2870 tot
687 2840 717 2870 iu
742 2840 810 2870 aliis

843 1785 920 1815 locis
943 1788 1208 1815 commemoretur
1223 1785 1367 1814 consules
1382 1784 1435 1814 illa
1452 1784 1505 1814 ha-

844 1827 956 1858 buisse.
1005 1828 1067 1857 Sed
1084 1837 1181 1866 quum
1199 1830 1269 1866 post
1286 1826 1503 1865 pontificatum

845 1869 929 1909 plebi
945 1869 1215 1899 communicatum
1231 1879 1304 1899 ann.
1324 1869 1364 1899 U.
1378 1869 1415 1899 C.
1434 1879 1506 1907 452⁷,

844 1922 928 1951 supr.
950 1923 980 1943 x.
1004 1922 1032 1952 9.
1057 1912 1201 1951 pontifex
1224 1911 1382 1941 maximus
1407 1922 1506 1950 usquc

844 1955 885 1985 ad
904 1965 977 1985 ann.
995 1955 1038 1985 U.
1050 1955 1087 1985 C.
1105 1962 1175 1993 510.
1192 1965 1209 1984 e
1225 1953 1366 1992 patribus
1385 1958 1506 1983 creatus

845 2001 937 2034 esset,
954 1997 1018 2027 fieri
1037 2001 1150 2035 potest,
1166 2000 1199 2026 ut
1221 1996 1252 2025 in
1276 1996 1339 2025 illis
1362 1995 1507 2031 comitiis,

846 2049 926 2077 quae
942 2039 1085 2078 pontifici
1101 2039 1240 2068 maximo
1257 2038 1392 2067 creando
1413 2038 1504 2067 habe-

847 2085 964 2118 rentur,
988 2082 1150 2120 proprium
1174 2084 1253 2111 esset
1277 2080 1405 2118 aliquod
1430 2090 1505 2118 pon-

847 2124 968 2154 tificum
980 2134 1106 2160 munus,
1116 2134 1156 2153 sc.
1168 2122 1287 2161 aliquid
1300 2123 1339 2151 ab
1354 2121 1428 2160 ipsis
1439 2132 1505 2161 per-

848 2167 1016 2205 agendum,
1032 2170 1078 2200 ut,
1095 2166 1190 2195 ctiam
1207 2165 1230 2195 si
1246 2164 1350 2194 minus
1371 2164 1507 2203 proprie,

847 2209 953 2247 aliquo
982 2213 1089 2238 tamen
1124 2209 1230 2244 modo,
1260 2206 1340 2236 sicut
1370 2207 1507 2237 Crevier.

847 2254 967 2287 monet,
984 2250 1111 2280 comitia
1126 2250 1183 2280 illa
1198 2249 1343 2279 habuisse
1359 2249 1421 2278 dici
1439 2259 1506 2288 pos-

848 2297 926 2323 sent.
972 2293 1084 2327 Quum
1111 2303 1183 2322 vero
1209 2291 1382 2330 antiquitus
1407 2291 1507 2330 ponti-

849 2335 923 2365 fices
945 2334 1080 2365 comitiis
1103 2334 1230 2364 curiatis
1253 2338 1441 2369 crearentur,
1463 2337 1508 2362 at-

849 2388 910 2416 que
937 2388 973 2407 ea
1000 2377 1127 2407 comitia
1155 2376 1278 2406 arbitris
1308 2375 1510 2414 pontificibus

850 2421 1084 2458 praeberentur,
1101 2420 1138 2449 cf.
1152 2420 1189 2448 Α.
1205 2418 1290 2448 Gell.
1308 2428 1335 2448 v.
1352 2427 1396 2457 19.
1413 2417 1509 2446 simil-

850 2462 961 2491 limum
999 2461 1126 2499 quidem
1165 2460 1227 2489 veri
1267 2459 1399 2495 videtur,
1433 2470 1508 2498 pon-

850 2504 980 2540 tificem,
1002 2507 1034 2532 ut
1056 2513 1140 2541 supr.
1156 2502 1198 2531 iii.
1217 2511 1267 2540 54.
1293 2503 1511 2532 auc-toritatem

847 2550 988 2584 patrum,
1004 2555 1084 2583 quae
1107 2545 1176 2583 lege
1192 2544 1311 2573 curiata
1326 2543 1400 2573 olim
1417 2544 1511 2574 daba-

852 2592 912 2620 tur,
930 2597 1003 2625 prae
1019 2597 1051 2616 se
1066 2586 1183 2616 tulisse.

890 2641 908 2667 4
928 2630 1002 2659 Tres
1014 2630 1135 2667 ingyenti
1148 2629 1318 2659 certamine
1330 2630 1508 2667 petierunt]

854 2671 920 2706 Qui
936 2671 995 2710 ipsi
1018 2681 1056 2700 ex
1080 2680 1211 2700 numero
1235 2675 1306 2700 octo
1324 2671 1510 2709 pontificum

853 2718 952 2750 erant,
967 2713 1086 2752 quippe
1106 2724 1145 2743 ex
1168 2712 1216 2742 his
1238 2716 1309 2742 octo
1331 2723 1413 2743 unus
1436 2723 1511 2752 pon-

853 2756 929 2785 tifex
946 2756 1103 2785 maximus
1119 2756 1290 2785 creabatur.

897 2807 913 2836 5
934 2799 1125 2828 Triumviros
1141 2798 1242 2835 binos]
1271 2798 1402 2837 Duplex
1419 2799 1512 2828 colle-

854 2841 939 2877 gium
957 2840 1198 2870 triumvirorum.
1222 2840 1326 2871 (ἷκεν.
