1871 3178
493 72 618 113 11113.
653 72 824 113 XXIX.
873 73 1018 114 CAP.
1052 77 1091 113 4.
1412 75 1495 112 463

113 161 316 202 ‘lationes
347 170 388 201 ct
419 162 677 203 obsidionem
710 162 978 215 Carthaginis
1006 162 1130 201 visuri
1162 162 1310 209 forent,
1341 176 1499 215 nequa·
1514 169 1611 200 UO.
1637 176 1709 207 547-

114 223 266 272 ‘quam
300 219 388 273 pari
425 219 476 259 ad
510 219 707 274 patienda
742 235 791 259 ea
827 220 986 265 robore,
1019 234 1065 258 ac
1100 218 1280 257 Romani
1313 212 1708 258 t‘uissc11t.A·C·²05·

114 275 231 316 ‘Illis
270 275 503 315 Romanam
541 276 719 331 plebem,
757 275 837 315 illis
876 275 1043 315 Latium
1084 275 1341 314 iuventutem
1382 290 1501 328 prae-

114 332 305 379 ‘buisse3
340 333 536 373 maiorem
559 347 722 387 semper
743 332 1154 386 frequentioremque
1183 345 1258 385 pro
1286 339 1345 370 tot
1374 332 1501 370 caesis

115 390 394 429 ‘exercitibus
428 389 770 429 subolescentem.
848 390 973 429 Suam
1010 388 1174 443 plebem
1213 387 1424 426 imbellem
1456 388 1499 427 in

116 446 257 493 ‘urbe,
282 446 489 486 imbellem
523 447 565 485 in
597 446 704 501 agris
734 460 846 485 esse:
880 445 1072 486 mercede
1104 444 1236 500 parari
1266 444 1421 484 auxilia
1449 459 1500 483 ex

116 503 271 550 ‘Afris‚
294 511 418 557 gente
451 502 504 543 ad
535 517 701 543 omnem
734 517 876 543 auram
907 502 993 557 spei
1027 501 1169 541 mobili
1201 509 1327 556 atque
1359 500 1499 540 infida.

115 563 128 582 ‘
145 558 233 599 Iam
276 574 406 614 reges,
454 559 689 616 Syphacem
731 567 824 614 post
867 559 1121 613 colloquium
1165 573 1260 598 cum
1308 557 1500 612 Scipione

116 615 396 664 ‘alicnatum3
442 616 707 656 Masinissam
743 624 885 670 aperta
920 615 1153 656 defectione
1190 614 1502 654 infestissimum

117 672 333 713 ‘hostemz
368 672 471 712 nibil
495 687 668 727 usquam
694 674 794 728 spei,
818 673 924 712 nihil
951 672 1096 712 auxilii
1128 687 1227 712 esse.
1292 671 1385 711 Nec
1409 670 1503 710 Ma-

117 734 129 752 ‘
144 744 296 784 genem
319 745 371 770 ex
396 729 535 769 Gallia
556 744 721 770 movere
745 729 947 770 tumultus
970 730 1208 784 quicquam,
1227 743 1306 769 nec
1327 728 1503 768 coniun-

117 791 242 841 ‘gere
271 802 357 827 sese
380 785 636 826 Hannibali:
670 794 713 826 et
735 786 1018 826 Hannibalem
1050 786 1187 841 ipsum
1217 785 1297 825 iam
1328 793 1370 825 et
1396 785 1505 824 fama

118 848 130 866 ‘
145 857 371 891 senescere,
395 850 437 883 et
457 843 639 883 viribus.’
699 842 749 883 In
777 843 881 884 haec
908 843 1102 883 deflenda
1129 842 1341 898 prolapsos
1369 842 1420 882 ab
1442 856 1505 882 rc·
1595 841 1634 877 4-

115 899 227 940 centi
249 900 398 940 nuntio
419 899 578 940 animos
600 914 739 940 rursus
762 909 893 941 terror
920 900 1078 940 instans
1103 899 1310 940 revocavit
1331 898 1384 938 ad
1406 913 1505 938 eon-

115 956 370 1005 sultandum,
403 971 586 1011 quonam
624 957 750 998 modo
786 957 950 997 obviam
986 957 1274 1012 praesentibus
1310 955 1505 1010 periculis

116 1013 257 1053 iretur.
320 1013 522 1054 Dcleetus
555 1014 705 1068 raptim
739 1014 782 1054 in
816 1014 917 1053 urbe
951 1014 1142 1068 agrisque
1176 1013 1318 1052 haberi
1355 1011 1714 1066 placet,ApparatuS.

115 1070 283 1110 mittere
319 1070 372 1110 ad
405 1070 681 1110 conducenda
713 1070 911 1110 Afrorum
948 1070 1114 1117 auxilia,
1147 1069 1310 1109 munire
1344 1068 1503 1117 urbem,

116 1126 374 1166 frumentum
405 1126 651 1175 convehere,
684 1127 778 1175 tela,
811 1141 925 1166 arma
954 1141 1111 1181 parare,
1144 1126 1348 1166 instruere
1380 1139 1505 1165 naves

118 1198 165 1224 ac
187 1183 352 1223 mittere
375 1183 427 1223 ad
446 1182 692 1238 Hipponem
714 1184 909 1223 adversus
928 1183 1162 1222 Romanam
1185 1182 1366 1222 classem.
1416 1181 1506 1221 Iam

118 1239 221 1280 haec
252 1240 472 1294 agentibus
502 1240 674 1279 nuntius
706 1239 873 1279 tandem
905 1240 1032 1288 venit,
1064 1239 1269 1288 Laelium,
1299 1254 1382 1278 non
1419 1238 1507 1278 Sci-

118 1296 301 1351 pionem,
334 1296 570 1351 copiasque,
601 1304 781 1350 quantae
813 1296 866 1336 ad
898 1296 1155 1336 incursiones
1186 1310 1377 1350 agrorum
1410 1295 1507 1335 satis

119 1353 215 1401 sint,
251 1361 529 1400 transvectas3
567 1367 752 1393 summae
788 1352 886 1393 belli
924 1353 1075 1393 molem
1113 1353 1249 1393 adhuc
1287 1352 1330 1391 in
1367 1351 1509 1392 Sicilia

120 1424 219 1450 esse.
282 1409 348 1450 Ita
381 1409 641 1464 respiratum,
676 1409 869 1464 mittique
904 1409 957 1449 ad
992 1409 1226 1466 Syphacem
1264 1408 1505 1463 legationes,

120 1465 305 1521 aliosque
334 1466 510 1521 regulos,
532 1466 760 1506 firmandae
792 1466 1000 1506 societatis
1031 1481 1165 1515 causa,
1188 1474 1371 1520 coeptae.
1436 1464 1508 1504 Ad

121 1522 366 1578 Philippum
389 1536 557 1577 quoque
579 1523 705 1572 missi,
729 1523 801 1578 qui
823 1523 1004 1563 ducenta
1029 1523 1190 1578 argenti
1213 1522 1368 1563 talenta
1387 1521 1508 1576 polli-

121 1588 328 1628 cerentur,
350 1588 396 1619 ut
418 1579 460 1619 in
486 1579 668 1620 Siciliam
694 1589 764 1620 aut
791 1580 835 1620 in
856 1579 1018 1620 Italiam
1042 1580 1260 1620 traiiceret.
1324 1577 1445 1618 Missi
1467 1585 1509 1617 et

122 1635 175 1677 ad
196 1636 300 1676 duos
325 1636 594 1691 imperatores
619 1637 663 1676 in
685 1636 861 1685 Italiam,
885 1645 931 1676 ut
953 1636 1067 1677 omni
1090 1645 1244 1676 terrore
1270 1634 1507 1690 Scipionem

121 1693 376 1733 retinerent:
425 1693 478 1733 ad
514 1692 745 1747 Blagonem
784 1708 870 1733 non
909 1693 1035 1748 legati
1075 1692 1213 1741 modo,
1251 1692 1323 1732 sed
1358 1691 1508 1746 viginti

123 1749 310 1805 quinque
361 1764 486 1790 naves
536 1749 698 1805 longae,
740 1764 813 1790 sex
858 1749 988 1790 millia
1033 1749 1236 1805 peditum,
1278 1747 1509 1803 octingenti

123 1806 297 1861 equites,
320 1815 481 1861 septem
506 1805 732 1861 elephanti,
755 1806 809 1846 ad
835 1806 915 1847 hoc
943 1821 1094 1862 magna
1120 1806 1299 1861 pecunia
1327 1804 1380 1845 ad
1410 1819 1511 1844 con-

123 1862 317 1903 ducenda
352 1862 520 1912 auxilia,
552 1863 703 1918 quibus
732 1863 862 1903 fretus
892 1864 1062 1919 propius
1095 1863 1240 1903 urbem
1274 1862 1510 1902 Romanam

123 1919 354 1960 exercitum
376 1919 628 1969 admoveret,
650 1920 1007 1974 coniungeretque
1029 1935 1071 1960 se
1095 1919 1336 1959 Hannibali.
1391 1917 1511 1958 Haec

127 1975 383 2031 Carthagine
415 1976 617 2030 parabant
647 1977 955 2030 agitabantque.
1018 1975 1091 2015 Ad
1116 1975 1309 2015 Laelium
1337 1973 1511 2029 praedas
1525 1984 1696 2015 Masinissa

124 2032 318 2087 ingentes
338 2047 391 2072 ex
412 2046 510 2086 agro
531 2032 681 2072 inermi
706 2046 752 2071 ac
778 2032 893 2071 nudo
918 2031 1134 2086 praesidiis
1162 2039 1355 2085 agentem
1379 2029 1512 2069 Masi-
1524 2029 1565 2074 ad
1584 2028 1663 2084 Lae·
1687 2068 1693 2074 ,

125 2089 246 2137 nissa,
269 2088 377 2128 fama
399 2087 615 2128 Romanae
644 2087 783 2128 classis
811 2088 985 2136 excitus,
1008 2102 1103 2128 eum
1129 2087 1342 2142 equitibus
1369 2085 1512 2141 paucis
1525 2070 1604 2100 hum
1623 2073 1723 2099 xemt.

124 2146 251 2186 venit.
313 2144 355 2185 Is
387 2145 596 2200 ‘segniter
622 2159 710 2185 rem
739 2145 804 2200 agi
832 2145 883 2185 ab
915 2144 1127 2199 Scipione'
1154 2152 1336 2199 questus,
1371 2149 1381 2166 ‘
1398 2142 1512 2198 quod

128 2206 246 2242 ‘tum
276 2217 362 2242 non
392 2202 473 2242 iam
506 2202 736 2242 exereitum
767 2202 810 2242 in
834 2201 1020 2242 Africam
1052 2201 1289 2249 traiecisset,
1314 2199 1513 2255 perculsis

128 2263 141 2282 ‘
160 2258 591 2313 Carthaginiensibus,
645 2257 835 2314 Syphace
889 2257 1092 2313 impedito
1142 2257 1331 2297 finitimis
1380 2256 1511 2304 bellis,

130 2319 142 2338 ‘
158 2329 284 2369 quem
305 2315 511 2354 incertum
532 2314 701 2355 haerere
719 2329 729 2362 ;
762 2315 796 2354 si
817 2314 996 2369 spatium
1017 2314 1069 2354 ad
1091 2328 1176 2362 sua,
1198 2322 1246 2353 ut
1266 2312 1378 2360 velit,
1401 2327 1514 2352 eom-

130 2370 354 2426 ‘ponenda
373 2370 509 2419 detur,
531 2371 636 2410 nihil
664 2371 824 2411 sincera
850 2371 933 2410 fide
960 2385 1055 2410 eum
1077 2369 1280 2410 Romanis
1308 2377 1510 2408 acturum.

131 2427 423 2475 ‘Hm-taretia,
459 2441 507 2467 ae
546 2427 777 2467 stimularet
813 2426 1066 2482 Scipionem,
1102 2441 1155 2466 ne
1192 2434 1380 2466 cessaret.
1445 2424 1513 2473 Se,

131 2489 401 2539 ‘quanquam
433 2497 563 2538 regno
594 2483 737 2538 pulsus
770 2491 890 2531 esset,
922 2497 1017 2522 cum
1050 2482 1164 2522 haud
1195 2480 1515 2522 contemnendis

132 2540 290 2596 ‘copiis
317 2540 542 2580 affuturum
572 2538 763 2593 peditum
793 2539 1080 2594 equitumque.
1143 2537 1236 2580 Nec
1264 2538 1343 2593 ipsi
1369 2537 1515 2577 Laelio

134 2602 146 2621 ‘
161 2595 408 2637 morandum
434 2595 477 2635 in
499 2595 643 2636 Africa
663 2610 763 2636 esse.
828 2595 1015 2636 Classem
1043 2595 1211 2636 eredere
1240 2594 1466 2650 profectam
1492 2608 1516 2633 a

179 2754 191 2775 1
218 2746 318 2782 Quem
340 2744 499 2774 incertum
520 2743 671 2780 haerere]
698 2741 803 2772 Proba
846 2743 1002 2774 incertum
1018 2744 1142 2775 habere.
1166 2743 1272 2776 Cnssv.

135 2786 290 2817 Gronovii
313 2785 496 2816 emendatio
520 2794 578 2824 pro
603 2785 687 2824 vulg.
711 2794 803 2824 quem
