1871 3178
503 85 628 126 LIB.
668 83 836 125 XXIV.
889 83 1034 124 CAP.
1070 90 1108 124 4.
1427 88 1505 129 179

114 177 276 217 minens
297 176 413 225 mari,
431 175 559 218 altera
580 184 776 229 vergente
798 174 840 214 in
863 188 1021 229 agrum,
1037 174 1118 213 situ
1142 183 1302 214 tantum
1325 176 1500 217 naturali
1522 184 1562 214 U.
1581 184 1617 215 C.
1641 194 1711 224 537-

113 233 325 289 quondam
348 234 521 279 munita,
545 241 688 288 postea
715 241 757 272 ct
786 245 905 271 muro
933 231 1070 271 cincta
1091 239 1164 279 est,
1188 246 1271 286 qua
1292 246 1364 285 per
1385 249 1499 273 avcr—
1517 228 1554 256 A.
1579 229 1615 256 (’·
1642 238 1710 265 2¹5·

111 306 174 331 sas
205 306 328 346 rupes
359 292 410 331 ab
443 290 648 346 Dionysio
682 288 845 329 Siciliae
878 296 1055 343 tyranno
1088 302 1163 343 per
1193 287 1336 328 dolum
1368 289 1500 331 fuerat

109 356 243 404 capta.
308 348 412 388 Eam
442 357 528 388 tum
551 361 700 393 arcem,
723 345 831 393 satis,
854 354 901 385 ut
925 345 1155 393 videbatur,
1180 353 1323 393 tutam,
1350 345 1500 387 Croto-

110 405 268 446 niatum
292 406 512 460 optimates
533 404 744 451 tenebant,
767 402 1096 443 circumsedente
1118 416 1214 442 cum
1234 401 1408 442 Bruttiis
1429 419 1498 443 eos

109 463 234 503 etiam
263 462 383 518 plebe
409 477 492 502 sua.
557 461 773 501 Postremo
796 459 965 508 Bruttii,
988 474 1118 514 quum
1147 459 1231 499 suis
1251 459 1407 500 viribus
1435 461 1498 500 in-

108 520 431 575 expugnabilem
455 518 646 558 viderent
666 532 816 565 arcem,
839 517 972 557 eoacti
993 517 1250 565 necessitate,
1275 515 1497 558 Hannonis

108 577 309 617 auxilium
333 576 565 632 implorant.
623 574 676 622 Is,
699 574 1009 614 conditionibus
1031 574 1083 614 ad
1105 573 1361 614 deditionem
1384 590 1496 615 com—

107 634 261 690 pellere
298 633 561 674 Crotoniatas
597 640 783 680 conatus,
825 639 871 671 ut
906 631 1111 672 coloniam
1148 630 1409 671 Bruttiorum
1445 647 1495 672 eo

76 691 273 740 6deduei,
307 691 607 745 antiquamque
639 688 918 744 frequentiam
952 703 1002 729 eo
1039 688 1222 743 recipere
1257 697 1412 728 vastam
1448 704 1494 729 ac

106 748 311 789 desertam
362 747 480 788 bellis
529 748 675 787 urbem
726 754 981 802 paterentur,
1028 746 1217 786 omnium
1267 746 1493 795 neminem,

105 814 270 861 praeter
300 803 654 852 Aristomachum,
689 803 830 843 movit.
895 802 1125 843 Morituros
1160 818 1203 843 se
1237 803 1494 844 affirmabant

104 862 239 911 citius,
276 876 416 917 quam,
453 861 633 901 immixti
676 860 862 909 Bruttiis,
907 860 951 900 in
994 860 1150 901 alienos
1192 860 1307 909 ritus,
1346 875 1492 905 mores,

103 918 314 975 legesque,
346 934 392 959 ac
424 934 522 959 mox
553 918 738 973 linguam
769 918 895 958 ctiam
925 926 1197 958 verterentur.
1261 917 1493 958 Aristoma--

103 976 206 1017 chus
233 992 353 1025 unus,
377 976 545 1031 quando
573 991 651 1016 nec
679 974 895 1015 suadendo
926 974 980 1015 ad
1010 975 1269 1016 deditionem
1301 975 1397 1015 satis
1424 991 1493 1015 va-

102 1033 225 1082 lebat,
248 1049 339 1082 nec,
361 1034 468 1074 sicut
496 1034 641 1074 urbem
670 1032 923 1088 prodiderat,
949 1032 1086 1072 locum
1118 1032 1358 1087 prodendae
1390 1033 1492 1073 arcis

101 1090 353 1139 inveniebat,
377 1090 595 1146 transfugit
617 1090 669 1130 ad
694 1089 962 1130 Hannonem.
1011 1089 1242 1129 Locrenses
1263 1089 1376 1129 brevi
1398 1099 1491 1144 post

101 1147 240 1203 legati,
278 1163 408 1203 quum
448 1148 652 1203 permissu
690 1146 913 1186 Hannonis
948 1160 1085 1186 arcem
1126 1146 1360 1193 intrassent,
1398 1161 1491 1201 per-

101 1205 290 1253 suadent,
313 1214 359 1245 ut
382 1205 542 1245 traduci
565 1219 606 1244 se
630 1204 672 1243 in
696 1203 851 1243 Locros
872 1211 1126 1257 paterentur,
1150 1218 1228 1243 nec
1251 1202 1398 1243 ultima
1418 1218 1490 1243 ex-

131 1262 227 1302 eriri
248 1262 415 1302 vellent.
478 1260 567 1301 Iam
590 1260 668 1301 hoc
690 1269 735 1299 ut
757 1260 833 1299 sibi
855 1259 1010 1308 liceret,
1034 1259 1354 1314 impetraverant
1375 1269 1417 1300 et
1438 1261 1489 1300 ab

120 1318 355 1367 >Iannibale,
379 1318 511 1358 missis
533 1317 585 1358 ad
607 1317 650 1357 id
671 1318 806 1372 ipsum
829 1316 984 1371 legatis.
1048 1315 1114 1356 Ita
1138 1316 1324 1357 Crotone
1347 1332 1490 1357 cxces·
1503 1326 1668 1356 Crotonia-

100 1390 192 1415 sum
238 1385 312 1425 est,
349 1375 605 1430 deductique
651 1373 919 1414 Crotoniatae
965 1373 1018 1413 ad
1063 1388 1174 1414 mare
1221 1389 1345 1414 naves
1390 1373 1553 1438 con-“¹¹⁰
1573 1368 1690 1398 Lus-ms

101 1433 319 1474 scendunt.
383 1432 538 1472 Locros
560 1431 693 1472 omnis
715 1430 940 1471 multitudo
961 1431 1127 1470 abeunt.
1502 1416 1630 1440 meunt.

159 1489 210 1530 In
235 1490 390 1546 Apulia
411 1504 463 1530 ne
486 1489 617 1529 hiems
639 1488 810 1543 quidem
833 1487 975 1542 quieta
996 1487 1106 1527 inter
1129 1487 1342 1527 Romanos
1363 1495 1488 1543 atquc

102 1547 385 1588 Hannibalem
408 1557 506 1587 erat.
569 1545 772 1586 Luceriae
797 1544 1067 1599 Sempronius
1093 1544 1250 1593 consul,
1275 1543 1489 1585 Hannibal

100 1604 214 1645 haud
238 1604 382 1660 procul
404 1603 531 1658 Arpis
556 1602 813 1643 hibernabat.
877 1601 994 1642 Inter
1021 1616 1091 1642 eos
1117 1601 1224 1642 levia
1250 1601 1409 1657 proelia
1435 1617 1488 1642 ex

100 1661 328 1710 occasione,
361 1669 432 1702 aut
464 1659 776 1716 opportunitate
809 1658 934 1699 huius
965 1668 1037 1699 aut
1067 1658 1177 1699 illius
1208 1659 1349 1714 partis,
1382 1659 1488 1699 orie-

99 1719 272 1759 bantur:
296 1718 527 1773 meliorque
545 1717 594 1757 iis
612 1716 841 1765 Romanus,
859 1725 902 1756 et
922 1716 967 1756 in
987 1716 1077 1756 dies
1093 1716 1253 1757 cautior
1274 1716 1486 1771 tutiorque

98 1776 150 1817 ab
171 1775 331 1816 insidiis
351 1775 488 1816 fiebat.

156 1832 207 1873 In
251 1832 393 1873 Sicilia
433 1831 636 1872 Romanis
676 1831 816 1872 omnia
855 1838 1087 1871 mutaverat
1126 1845 1236 1871 mors
1273 1829 1485 1879 Hieronis,
1577 1835 1616 1870 4.

96 1904 359 1946 regnumque
400 1889 453 1930 ad
495 1888 806 1944 Hieronymum
845 1896 1044 1944 nepotem
1084 1888 1174 1928 eius
1214 1887 1483 1928 translatum:
1502 1887 1637 1935 Hieron}

70 1960 288 2003 7puerum,
309 1947 483 1988 vixdum
508 1946 756 1994 libertatem,
778 1945 936 1986 nedum
957 1945 1300 1994 dominationem,
1324 1945 1485 1985 modice
1500 1931 1659 2012 {ffifr‘iffl}

67 2004 290 2046 Slaturum.
354 2004 486 2044 Laete
508 2003 551 2043 id
579 2003 796 2058 ingenium
825 2011 983 2043 tutores
1003 2010 1128 2058 atque
1150 2003 1273 2043 amici
1294 2002 1347 2042 ad
1367 2017 1486 2057 prae·
1498 2023 1569 2044 mus
1585 2015 1676 2054 Syra-

97 2061 357 2117 cipitandum
392 2061 437 2101 in
477 2060 619 2101 omnia
651 2060 753 2101 vitia
787 2068 1063 2114 acceperunt:
1113 2074 1219 2114 quae
1256 2059 1313 2099 ita
1346 2059 1486 2099 futura
1499 2057 1591 2086 cusis.

98 2133 272 2160 cernens
294 2118 440 2167 Hiero,
463 2117 609 2158 ultima
629 2126 798 2158 senecta
817 2116 993 2157 voluisse
1015 2116 1169 2156 dicitur
1187 2116 1336 2156 liberas
1361 2115 1485 2171 Syra-

67 2190 214 2221 9cusas
244 2175 493 2231 relinquere,
522 2190 575 2215 ne
607 2174 683 2214 sub
705 2174 923 2214 dominatu
950 2172 1113 2229 puerili,
1141 2187 1217 2228 per
1242 2172 1483 2221 ludibrium,

97 2233 217 2274 bonis
238 2233 395 2274 artibus
415 2240 580 2288 partum
601 2231 896 2286 firmatumque
918 2230 1107 2270 interiret
1127 2245 1315 2285 regnum.
1369 2229 1484 2270 Huic

99 2289 271 2330 consilio
307 2290 394 2330 eius
429 2304 591 2330 summa
625 2304 704 2344 ope
741 2288 937 2329 obstitere
973 2287 1094 2337 filiae,
1131 2302 1286 2328 nomen
1321 2287 1483 2342 regium

98 2360 227 2402 penes
262 2361 439 2401 puerum
475 2346 663 2386 futurum
706 2353 833 2393 ratae,
879 2345 1067 2400 regimen
1111 2359 1250 2384 rerum
1295 2343 1483 2384 omnium

72 2417 227 2458 xpenes
255 2417 296 2443 se
318 2402 508 2457 virosque
537 2417 644 2451 suos,
668 2401 1024 2442 Andranodorum
1049 2409 1091 2441 et
1114 2400 1352 2455 Zoippum:
1385 2413 1483 2439 nam

98 2460 127 2499 ii
161 2467 346 2500 tutorum
375 2459 500 2514 primi
531 2458 887 2513 relinquebantur.
950 2457 1051 2498 Non
1083 2457 1202 2498 facile
1235 2465 1322 2497 erat
1354 2470 1483 2496 nona-

140 2569 160 2599 6
178 2569 767 2609 Antiquarnquefrequentiam]Suam
815 2569 953 2599 Bekker.
970 2568 1119 2607 reposuit.

98 2611 223 2642 addidit
241 2612 380 2641 Bekker.
398 2612 552 2650 probante
569 2611 742 2641 Gronovio.
854 2620 874 2650 9
897 2612 964 2641 I’er
978 2611 1151 2640 ludibrium
1170 2633 1177 2640 .
1191 2633 1198 2640 .
1212 2633 1220 2640 .
1236 2611 1399 2650 interiret]
1427 2611 1479 2641 In-

143 2662 160 2693 7
183 2654 390 2691 Libertatem]
418 2653 465 2683 Ut
482 2653 536 2692 qui
553 2663 591 2682 ex
609 2657 767 2692 potestate
811 2653 918 2682 teriret
942 2662 998 2691 per
1020 2652 1183 2682 lasciviam
1208 2652 1296 2691 pueri
1322 2653 1479 2692 Hierony-

97 2696 149 2726 avi
176 2695 292 2726 mortui
319 2695 446 2732 exisset,
472 2701 503 2725 et
530 2695 577 2724 sui
605 2695 680 2725 iuris
704 2695 766 2724 iam
812 2694 970 2731 mi,cuius
983 2694 1095 2724 levitas
1109 2704 1204 2733 regno
1220 2695 1306 2724 velut
1321 2695 1479 2725 illuderet.

98 2739 201 2768 factus
217 2741 306 2768 esset.
812 2737 916 2767 Cnssv.

135 2781 332 2810 8Laturmn.
352 2781 449 2810 Luete
462 2781 510 2817 id]
525 2781 693 2810 Latmum.
716 2781 767 2810 Ea
859 2789 868 2809 1
897 2781 983 2809 Nam
999 2780 1022 2808 ii
1039 2780 1196 2816 tutorum]
1229 2779 1303 2810 Hae
1320 2789 1412 2809 voces
1428 2781 1480 2809 de-

98 2827 202 2853 aetale
218 2823 260 2859 id,
276 2822 395 2853 Stroth.
430 2823 573 2852 Lamo-ae
588 2823 713 2859 aetatis,
724 2824 768 2857 id,
813 2825 885 2851 sunt
913 2821 943 2850 in
971 2821 1107 2860 seriptis,
1131 2825 1163 2851 et
1189 2822 1333 2852 adiectae
1363 2827 1435 2851 sunt
1463 2832 1480 2851 a

1176 2867 1251 2903 ΝΖ).
