1877 3178
342 86 420 123 152
845 83 991 124 TITI
1034 81 1211 123 LIVII

136 182 181 212 U.
197 181 235 211 C.
258 178 328 219 536.
342 170 503 227 equites
517 186 672 212 cornua
687 171 867 213 cinxere.
930 171 1168 212 Hasdrubal
1183 171 1361 211 mediam
1376 171 1506 211 aciem
1525 170 1723 226 Hispanis

135 224 174 254 Α·
199 223 237 254 C·
260 220 330 252 ²¹6·
343 228 502 269 firmat:
536 229 580 268 in
601 229 807 277 cornibus,
830 229 977 269 dextro
998 229 1163 268 Poenos
1191 228 1311 277 locat,
1333 227 1449 268 laevo
1472 228 1595 268 Afros
1617 242 1724 268 mer-

150 1602 298 1632 Vincunt

151 1643 293 1674 Romani

219 2499 273 2537 30

345 285 688 341 cenariorumque
703 286 872 326 auxilia:
907 285 1095 341 equitum
1120 284 1325 325 Numidas
1346 284 1585 325 Poenorum
1607 284 1725 339 pedi-

345 343 469 390 tibus,
510 351 667 383 cetcros
707 342 821 382 Afris
860 358 934 398 pro
975 342 1168 382 cornibus
1203 341 1386 397 apponit.
1449 341 1542 381 Nec
1581 355 1726 381 omnes

347 399 560 440 Numidae
582 399 625 439 in
647 399 793 440 dextro
814 399 936 440 locati
958 415 1099 447 cornu,
1123 399 1194 438 scd
1220 399 1382 453 quibus,
1405 397 1661 438 desultorum
1682 397 1727 437 in

347 456 532 504 modum,
566 456 685 496 binos
725 456 983 496 trahentibus
1015 471 1144 511 equos
1185 456 1293 495 inter
1332 455 1572 495 acerrimam
1605 469 1726 508 saepe

348 528 533 568 pugnam
564 513 606 553 in
631 521 840 553 recentem
870 528 1023 567 equum
1057 528 1109 552 ex
1136 513 1241 552 fesso
1266 512 1431 552 armatis
1462 510 1726 551 transsultare

349 584 438 610 mos
470 578 578 610 erat:
623 578 736 609 tanta
767 570 961 610 velocitas
997 570 1106 624 ipsis,
1140 578 1307 623 tamque
1349 568 1482 608 docile
1524 581 1727 622 equorum

349 641 480 681 genus
501 635 572 666 est.
629 626 773 673 Quum
794 627 872 667 1100
894 626 1018 666 modo
1037 627 1223 666 instructi
1247 634 1414 674 starent,
1433 626 1727 680 imperatorum

350 683 565 738 utriusque
587 684 714 738 partis
735 683 847 723 haud
866 684 994 723 ferme
1022 683 1205 738 dispares
1232 697 1323 737 spes
1351 691 1479 722 erant.
1543 680 1653 720 Nam
1676 695 1728 720 ne

351 740 529 780 multum
551 740 733 794 quidem,
749 749 820 780 aut
840 755 1027 788 numero,
1045 749 1116 780 aut
1136 754 1286 795 genere
1309 739 1499 787 militum,
1514 737 1557 778 hi
1579 746 1649 777 aut
1670 736 1730 776 illi

351 797 627 852 praestabant.
682 796 889 837 Militibus
910 797 1031 851 longe
1047 797 1184 851 dispar
1201 797 1361 836 animus
1378 804 1474 836 erat.
1530 793 1731 835 Romanis

352 854 478 902 enim,
494 869 734 908 quanquam
755 854 898 909 procul
920 869 943 894 a
963 854 1095 909 patria
1115 861 1361 907 pugnarent,
1379 852 1497 893 facile
1520 865 1732 907 persuase-

352 918 446 950 rant
485 910 624 959 duces,
656 925 730 965 pro
762 910 880 950 Italia
909 919 1034 965 atque
1066 911 1166 950 urbe
1202 910 1395 950 Romana
1426 924 1496 949 eos
1531 922 1728 963 pugnare.

353 965 515 1021 Itaque,
529 967 644 1007 velut
664 968 815 1021 quibus
828 967 985 1007 reditus
999 968 1041 1006 111
1058 967 1232 1022 patriam
1250 982 1298 1007 eo
1312 966 1549 1007 discrimine
1566 979 1732 1020 pugnae

352 1032 593 1072 verteretur,
617 1023 922 1063 obstinaverant
945 1024 1103 1072 animis,
1126 1024 1291 1064 vincere
1317 1032 1387 1063 aut
1408 1023 1523 1063 mori.
1587 1021 1733 1061 Minus

367 1080 584 1120 )ertinaces
614 1080 721 1119 viros
750 1080 926 1120 habebat
954 1080 1083 1120 altera
1107 1081 1225 1120 acics.
1289 1080 1400 1120 Nam
1431 1080 1611 1119 maxima
1640 1092 1734 1133 pars

380 1135 535 1190 Iispani
566 1145 705 1176 crant:
750 1136 822 1190 qui
857 1137 967 1176 vinci
998 1137 1041 1176 in
1078 1136 1295 1191 Hispania,
1328 1151 1454 1190 quam
1484 1136 1659 1176 victores
1690 1134 1733 1173 in

353 1192 516 1232 Italiam
541 1193 660 1241 trahi,
683 1192 904 1233 malebant.
966 1193 1108 1233 Primo
1130 1193 1255 1247 igitur
1276 1208 1490 1241 concursu,
1514 1206 1643 1246 quum
1664 1190 1734 1230 vix

353 1248 438 1304 pila
467 1249 655 1290 coniecta
685 1257 833 1298 essent,
855 1249 998 1290 retulit
1028 1249 1179 1304 pedem
1211 1249 1349 1290 media
1378 1249 1499 1298 acies,
1521 1246 1736 1288 inferenti-

353 1307 514 1360 busque
538 1321 624 1346 sese
652 1321 804 1361 magno
825 1307 985 1362 impetu
1015 1306 1216 1346 Romanis
1246 1316 1359 1360 terga
1392 1306 1524 1346 vertit.
1589 1302 1736 1345 Nihilo

355 1363 522 1417 segnius
557 1363 600 1403 in
641 1364 833 1404 cornibus
873 1363 1077 1419 proelium
1117 1363 1205 1403 fuit.
1270 1363 1384 1403 Hinc
1424 1363 1603 1410 Poenus,
1638 1361 1736 1400 111110

356 1419 462 1458 Afer
491 1428 634 1473 urgetj.
667 1429 709 1460 et
732 1420 845 1461 velut
872 1421 916 1459 111
942 1421 1244 1460 circumventos
1270 1420 1427 1475 proelio
1458 1418 1629 1473 ancipiti
1659 1433 1735 1473 pu-

356 1484 498 1530 gnant.
563 1476 647 1516 Sed
678 1492 808 1531 quum
839 1478 883 1517 in
914 1477 1098 1517 medium
1129 1486 1215 1517 tota
1250 1477 1331 1517 iam
1364 1477 1511 1517 coisset
1545 1476 1738 1516 Romana

357 1532 478 1581 acies,
510 1533 607 1573 satis
636 1533 786 1573 virium
817 1533 869 1574 ad
900 1533 1151 1574 dimovenda
1181 1535 1363 1574 hostium
1394 1549 1549 1574 cornua
1579 1531 1734 1572 habuit.

359 1588 507 1643 Itaque
530 1589 614 1629 duo
636 1590 797 1630 diversa
817 1590 973 1645 proelia
993 1599 1131 1630 crant:
1166 1599 1342 1645 utroque
1367 1591 1561 1638 Romani,
1584 1598 1630 1630 ut
1651 1588 1736 1643 qui,
1751 1598 1770 1629 6

359 1645 487 1700 pulsis
509 1646 678 1686 tandem
700 1647 859 1695 mediis,
875 1655 916 1687 et
937 1662 1110 1687 numero
1133 1656 1174 1687 et
1196 1648 1341 1688 robore
1356 1648 1537 1688 virorum
1558 1653 1739 1702 praesta-

359 1710 464 1751 rent,
487 1702 600 1743 haud
622 1703 747 1744 dubie
776 1712 1032 1758 superarunt.
1095 1703 1254 1758 Blagna
1273 1705 1333 1744 vis
1353 1704 1571 1744 hominum
1592 1703 1648 1742 ibi
1671 1717 1740 1742 oc-

359 1759 467 1799 cisa:
501 1768 554 1808 et,
584 1760 663 1800 nisi
694 1760 872 1815 Hispani
894 1760 1067 1800 vixdum
1096 1769 1285 1801 conserto
1316 1760 1473 1816 proelio
1498 1768 1582 1800 tam
1611 1759 1738 1799 effuse

359 1816 572 1871 fugissent,
605 1817 801 1872 perpauci
834 1832 886 1857 ex
918 1826 1004 1857 tota
1034 1817 1330 1871 superfuissent
1360 1817 1458 1857 acie.
1524 1814 1739 1870 Equestris

359 1887 501 1928 pugna
516 1873 630 1914 nulla
650 1873 875 1913 admodum
896 1873 992 1922 fuit3
1026 1874 1136 1928 quia,
1154 1874 1276 1915 simul
1298 1873 1535 1913 inclinatam
1558 1871 1739 1912 mediam

360 1929 491 1969 aciem
523 1930 663 1970 Mauri
696 1930 992 1985 Numidaeque
1024 1930 1230 1979 viderunt,
1253 1930 1463 1985 extemplo
1490 1930 1586 1984 suga
1612 1928 1741 1968 effusa
1785 1962 1791 1965 .

360 1986 475 2026 nuda
505 2002 672 2035 cornua,
706 1987 937 2042 elephantis
967 2002 1135 2041 quoque
1166 2002 1262 2042 prae
1294 2002 1335 2027 sc
1367 1987 1480 2035 actis,
1507 1986 1737 2026 deseruere.

362 2042 418 2082 Et
436 2042 686 2093 Hasdrubal,
705 2060 835 2099 usque
858 2044 910 2084 ad
932 2043 1123 2084 ultimum
1143 2053 1338 2084 eventum
1360 2058 1523 2099 pugnae
1546 2051 1738 2090 moratus,

362 2113 383 2138 e
406 2100 544 2140 media
564 2100 690 2141 caede
718 2116 813 2141 cum
834 2101 976 2156 paucis
997 2101 1155 2155 effugit.
1221 2100 1367 2141 Castra
1390 2099 1571 2140 Romani
1592 2113 1740 2153 cepere

361 2163 485 2210 atque
507 2157 728 2211 diripuere.
783 2157 845 2197 Ea
865 2172 1017 2212 pugna,
1034 2157 1065 2196 si
1088 2172 1170 2211 qua
1184 2157 1310 2197 dubia
1323 2157 1366 2196 111
1389 2156 1592 2211 Hispania
1608 2163 1738 2204 crant,
1756 2170 1773 2202 7

364 2211 565 2252 Romanis
596 2213 809 2253 adiunxit:
855 2213 1192 2267 Hasdrubalique
1224 2229 1308 2253 non
1339 2213 1463 2253 modo
1497 2213 1541 2252 in
1576 2210 1739 2251 Italiam

362 2269 608 2309 traducendi
629 2271 847 2319 exercitus,
870 2270 942 2309 scd
969 2285 1021 2310 ne
1045 2270 1242 2309 manendi
1270 2270 1439 2324 quidem
1462 2269 1558 2309 satis
1585 2276 1675 2308 tuto
1697 2268 1741 2308 in

363 2324 580 2381 Hispania,
596 2342 710 2381 spem
728 2326 905 2381 reliquit.
973 2326 1092 2373 Quae
1114 2336 1333 2381 postquam
1351 2326 1479 2366 literis
1499 2325 1739 2380 Scipionum
1755 2335 1773 2364 8

363 2381 524 2423 Romae
557 2384 723 2437 vulgata
762 2392 871 2431 sunt,
906 2397 990 2423 non
1032 2392 1113 2422 tam
1150 2383 1331 2431 victoria,
1374 2397 1497 2437 quam
1532 2381 1742 2437 prohibito

364 2439 637 2480 Hasdrubalis
658 2440 701 2479 in
723 2439 884 2479 Italiam
907 2439 1093 2488 transitu,
1115 2439 1384 2480 laetabantur.

421 2496 537 2536 Dum
572 2496 675 2537 haec
710 2496 753 2535 in
790 2495 995 2551 Hispania
1028 2506 1241 2551 geruntur,
1274 2496 1434 2537 Petelia
1472 2496 1516 2535 in
1553 2495 1740 2543 Bruttiis,

364 2552 521 2607 aliquot
552 2562 643 2608 post
684 2553 905 2602 mensibus,
940 2568 1065 2608 quam
1106 2562 1253 2608 coepta
1292 2553 1522 2608 oppugnari
1557 2560 1656 2600 erat,
1690 2552 1741 2591 ab

408 2673 426 2704 6
455 2676 495 2704 (ft
527 2677 592 2714 qvi,
618 2678 722 2714 pulsis
752 2678 878 2708 tandem
903 2678 1029 2713 mediis]
1078 2676 1131 2714 qni
1164 2675 1276 2715 populi
1298 2676 1404 2705 adhuc
1434 2673 1544 2704 incerti
1568 2675 1682 2709 essent,
1708 2671 1740 2701 in

364 2717 475 2746 Pulsis
505 2718 566 2746 iam
598 2723 672 2747 (trite
696 2720 805 2749 mediis
831 2729 869 2749 ex
899 2719 1032 2749 coniect.
1078 2728 1212 2757 quorum
1230 2721 1336 2756 partes
1352 2728 1384 2746 se
1399 2717 1561 2746 adderent.

366 2758 505 2788 Gronov.
523 2759 640 2796 recepit
659 2760 796 2790 Bekker.
1122 2761 1139 2789 8
1162 2761 1254 2798 Spem
1278 2760 1421 2798 reliquit]
1454 2758 1640 2796 Reliquerat
1657 2756 1739 2786 Bek-

411 2807 425 2838 7
449 2800 484 2828 Si
511 2811 575 2839 qua
599 2801 695 2830 dubia
723 2803 758 2830 in
783 2803 967 2840 IIispania]
1002 2801 1033 2831 Si
1078 2802 1143 2832 ker.
1160 2801 1310 2839 reposuit.
