1871 3178
514 82 638 123 LIB.
673 82 820 122 XXX.
870 81 1014 122 (ῚΛΡ.
1054 86 1114 122 13.
1426 86 1507 123 515

123 173 343 214 merarium
362 181 486 228 atque
506 172 727 228 impudens
746 179 957 212 mutuatur
973 171 1202 211 consilium.
1266 171 1445 226 Nuptias
1464 172 1504 212 in
1526 178 1564 209 ¹⁷.
1583 179 1620 209 (³.
1644 189 1715 219 540·

92 245 218 277 7eum
240 231 374 285 ipsum
404 231 515 270 diem
546 239 716 284 repente
746 229 876 284 parari
901 229 1027 276 iubet,
1051 243 1103 267 ne
1126 227 1227 282 quid
1251 228 1503 283 relinqueret
1521 222 1557 292 st·
1583 223 1619 268 ‘.'
1645 232 1715 280 ²¹03·

120 287 270 340 integri
303 296 373 327 aut
406 287 562 335 Laelio,
596 296 667 326 aut
698 286 773 341 ipsi
809 285 1006 340 Scipioni,
1039 284 1283 325 consulendi
1317 285 1426 325 velut
1463 286 1502 326 in
1519 270 1704 335 11X¹Jff¹4i,f,'‘¹n¹

119 345 338 399 captivam,
361 359 467 399 quae
492 343 736 383 Masinissae
759 343 839 383 iam
863 351 994 396 nupta
1014 342 1129 381 foret.
1195 340 1329 380 Factis
1346 343 1502 397 nuptiis
1519 348 1697 379 Masius-sa,

118 401 358 456 supervenit
380 401 571 441 Laelius:
606 409 647 440 et
668 399 771 440 adeo
800 415 884 439 non
907 398 1179 438 dissimulavit
1206 398 1436 452 improbare
1460 415 1501 439 sc

118 458 286 506 factum,
311 466 355 497 ut
376 458 509 513 primo
531 458 654 498 etiam
678 472 772 496 cum
794 455 983 511 Syphace
1006 465 1047 495 et
1068 455 1215 495 ceteris
1237 455 1408 509 captivis
1430 456 1502 496 dc-

118 523 287 555 tractam
311 530 402 554 eam
426 526 515 555 toro
536 513 689 569 geniali
712 513 874 553 mittere
903 512 955 552 ad
981 512 1217 566 Scipionem
1242 521 1414 552 conatus
1435 513 1498 553 sit.

118 570 265 612 Victus
296 571 450 612 deinde
487 571 678 626 precibus
713 569 956 609 Masinissae
994 569 1159 617 orantis,
1193 578 1238 608 nt
1270 569 1499 617 arbitrium,

117 628 249 669 utrius
280 643 424 682 regum
454 628 629 668 duorum
662 628 850 667 fortunae
880 626 1059 666 accessio
1093 625 1353 680 Sophonisba
1381 636 1498 674 essct,

115 685 169 725 ad
193 684 430 739 Scipionem
458 685 670 732 reiiceret;
704 684 826 723 misso
851 682 1042 737 Syphace
1072 691 1114 722 et
1135 683 1319 738 captiVis,
1343 692 1500 723 ceteras

115 742 238 782 urbes
256 742 495 790 Numidiae,
511 756 617 796 quae
634 739 847 796 praesidiis
861 740 983 794 regiis
998 739 1259 788 tenebantur,
1275 739 1498 780 adiuvante

115 798 349 847 BIasinissa,
372 798 530 853 recipit.

175 855 409 911 Syphacem
427 855 470 894 in
491 863 623 895 castra
639 853 803 899 adduci,
823 868 950 908 quum
970 862 1077 894 esset
1094 853 1345 902 nuntiatum,
1365 854 1498 893 omnis
1580 862 1641 899 13,

113 913 227 954 velut
248 912 300 952 ad
321 911 603 968 spectaculum
626 910 825 966 triumphi
848 910 1072 951 multitudo
1090 911 1219 950 effusa
1239 919 1311 950 est.
1372 910 1498 951 Prae-
1512 915 1643 954 Syphax
1661 916 1691 946 in

113 969 289 1011 cedebat
317 969 403 1025 ipse
428 969 616 1016 vinctus3
650 968 900 1023 sequebatur
923 983 1023 1021 grex
1053 967 1256 1007 nobilium
1289 963 1611 1028 Numida-Eastra
1629 959 1692 1030 13⁰·

113 1041 217 1067 rum,
282 1026 406 1075 Tum,
429 1035 633 1081 quantum
662 1026 838 1080 quisque
865 1020 1090 1079 plurimum
1114 1033 1263 1079 posset,
1288 1024 1497 1079 magnitu-
1509 1010 1645 1072 ὼῗςῃὶῗυῗ,
1663 1019 1674 1023 ”

113 1083 203 1124 dini
231 1083 444 1139 Syphacis,
474 1082 606 1123 famae
631 1082 779 1137 gentis,
809 1081 1021 1121 victoriam
1051 1096 1167 1121 suam
1195 1081 1400 1136 augendo,
1423 1080 1496 1121 ad-

113 1140 260 1181 debat:
297 1140 437 1180 ‘illum
460 1155 547 1180 esse
570 1154 723 1193 regem,
747 1139 864 1179 cuius
890 1146 1051 1178 tantum
1083 1137 1287 1178 maiestati
1316 1138 1400 1178 duo
1421 1153 1496 1193 po-

114 1202 126 1220 ‘
141 1197 358 1238 tentissimi
373 1198 417 1237 in
440 1197 556 1237 terris
574 1196 793 1236 tribuerint
810 1194 966 1250 populi,
987 1195 1203 1235 Romanus
1228 1194 1495 1250 Carthagini-

115 1255 345 1309 ‘ensisque,
369 1262 415 1294 ut
451 1253 589 1309 Scipio
615 1253 838 1307 imperator
865 1267 961 1292 suus
987 1251 1039 1291 ad
1068 1251 1290 1291 amicitiam
1313 1251 1401 1292 cius
1422 1267 1495 1307 pe-

116 1311 322 1360 ‘tendam,
354 1310 497 1351 relicta
526 1310 739 1366 provincia
777 1309 982 1364 Hispania
1017 1308 1301 1362 exercituque,
1334 1308 1494 1349 duabus

113 1372 126 1392 ‘
141 1368 513 1424 quinqueremibus
534 1368 576 1407 in
601 1367 786 1407 Africam
808 1365 1083 1420 navigaverit:
1120 1364 1369 1413 Hasdrubal,
1389 1365 1496 1405 Poe-

113 1431 286 1466 ‘norum
315 1426 551 1480 imperator,
576 1439 660 1464 non
682 1424 768 1478 ipse
798 1422 922 1463 modo
944 1422 996 1463 ad
1022 1437 1119 1462 eum
1148 1422 1190 1461 in
1218 1436 1394 1477 regnum
1424 1437 1494 1462 ve-

113 1487 124 1505 ‘
140 1483 261 1531 nerit,
284 1482 357 1523 sed
378 1482 503 1522 etiam
524 1481 652 1521 filiam
674 1481 709 1521 ci
729 1489 906 1535 nuptum
929 1479 1103 1519 dederit.
1168 1478 1375 1519 Habuisse
1396 1494 1492 1519 eum

112 1545 124 1563 ⁶
138 1554 221 1580 uno
243 1548 429 1594 tempore
455 1539 499 1579 in
520 1546 723 1594 potestate
753 1537 856 1577 duos
884 1536 1166 1591 imperatoreS,
1189 1535 1381 1576 Poenum
1405 1536 1493 1576 Ro-

112 1602 123 1620 ‘
137 1611 402 1651 manumque.
480 1596 597 1636 Sicut
636 1595 686 1635 ab
728 1594 806 1634 diis
846 1593 1148 1633 immortalibus
1183 1607 1276 1647 pars
1316 1602 1492 1648 utraque

111 1658 124 1676 ‘
139 1652 283 1694 hostiis
304 1653 533 1694 mactandis
560 1666 705 1707 pacem
726 1650 909 1706 petisset,
932 1650 990 1690 ita
1009 1650 1059 1690 ab
1081 1664 1130 1689 eo
1152 1649 1362 1703 utrimque
1384 1649 1492 1704 pari-

112 1715 202 1751 ‘ter
240 1710 466 1750 amicitiam
506 1709 691 1765 petitam.
754 1707 844 1747 Iam
885 1716 1019 1747 tantas
1059 1706 1250 1746 habuisse
1291 1720 1403 1761 opes,
1446 1716 1493 1746 ut

111 1773 121 1790 ‘
139 1766 403 1807 Masinissam
424 1781 553 1821 regno
581 1765 747 1820 pulsum
775 1779 825 1804 eo
853 1763 1074 1819 redegerit,
1097 1770 1144 1803 ut
1170 1762 1255 1803 vita
1275 1762 1364 1803 eius
1384 1763 1493 1803 fama

110 1824 277 1864 ‘mortis
307 1832 350 1864 et
373 1823 552 1871 latebris,
577 1823 756 1862 ferarum
788 1819 913 1861 modo
943 1820 987 1860 in
1016 1819 1127 1860 silvis
1157 1828 1275 1874 rapto
1301 1819 1490 1868 viventis,

110 1885 122 1904 ‘
138 1881 371 1936 tegeretur.'
431 1879 512 1920 His
529 1878 787 1920 sermonibus
800 1877 1156 1918 circumstantium
1170 1876 1401 1917 celebratus
1417 1891 1492 1917 rex

108 1937 153 1977 in
173 1937 426 1993 praetorium
448 1937 501 1977 ad
530 1935 769 1990 Scipionem
791 1942 852 1973 est
872 1933 1111 1988 perductus.
1175 1932 1314 1972 Movit
1333 1942 1374 1973 et
1400 1932 1489 1974 Sci-

107 1994 277 2049 pionem
291 2008 421 2048 quum
435 1993 601 2033 fortuna
616 1991 789 2046 pristina
803 1990 879 2029 viri
900 1989 1109 2045 praesenti
1121 1989 1310 2029 fortunae
1328 1989 1490 2037 collata,

109 2060 199 2091 tum
215 2050 446 2091 recordatio
462 2048 631 2103 hospitii
648 2047 904 2101 dextraeque
926 2046 1059 2094 datae,
1077 2054 1119 2086 et
1132 2045 1308 2085 foederis
1324 2045 1490 2100 publice

108 2122 155 2148 ae
183 2107 377 2162 privatim
404 2105 548 2146 iuneti.
613 2103 773 2145 Eadem
798 2102 901 2143 haee
927 2111 969 2143 et
1000 2101 1181 2158 Syphaci
1209 2101 1394 2142 anjmum
1418 2101 1491 2142 de·
1505 2110 1668 2149 Colloqui-

108 2164 261 2205 derunt
290 2163 334 2204 in
365 2161 618 2217 alloquendo
647 2160 813 2201 victore.
877 2158 989 2199 Nam
1015 2174 1145 2214 quum
1180 2157 1331 2213 Scipio,
1363 2159 1490 2214 ‘quid
1503 2156 1555 2224 ἔω.
1571 2163 1644 2200 qum

110 2221 208 2261 ‘sibi
232 2219 453 2268 voluisset,’
470 2226 701 2274 quaereret,
721 2216 818 2272 ‘qui
840 2231 926 2256 non
946 2216 1187 2256 societatem
1208 2215 1340 2255 solum
1359 2216 1490 2256 abnu-
1528 2205 1579 2234 ⁰11>
1582 2205 1664 2226 ¹⁰¹¹&

110 2278 232 2317 ‘isset
273 2277 521 2325 Romanam,
556 2274 629 2315 sed
664 2273 773 2314 ultro
806 2272 962 2326 bellum
995 2272 1244 2320 intulisset3’
1284 2280 1373 2312 tum
1405 2272 1488 2322 ille,

110 2339 323 2389 ‘peccasse
341 2333 514 2388 quidem
534 2347 621 2373 sese
638 2339 762 2386 atque
784 2329 1008 2378 insanisse,'
1024 2329 1252 2377 fatebatur3
1288 2334 1298 2351 ‘'
1311 2328 1385 2369 sed
1405 2344 1490 2369 non

109 2396 227 2431 ‘tum
260 2390 444 2438 demum,
477 2403 608 2444 quum
644 2401 757 2428 arma
787 2386 982 2426 adversus
1012 2385 1215 2441 populum
1249 2385 1490 2426 Romanum

76 2468 95 2497 8
109 2452 120 2471 ‘
136 2447 334 2502 cepisset:
368 2446 528 2486 exitum
545 2445 609 2485 sui
629 2443 775 2484 furoris
788 2443 924 2492 fuisse,
939 2457 1025 2483 non
1038 2442 1303 2497 principium.
1366 2442 1489 2483 Tunc

109 2510 121 2527 ‘
134 2519 176 2544 se
198 2503 409 2552 insanisse,
428 2511 527 2543 tunc
544 2501 723 2556 hospitia
738 2500 897 2555 privata
914 2508 955 2539 et
976 2499 1142 2554 publica
1162 2498 1330 2538 foedera
1350 2499 1491 2539 omnia

109 2566 120 2584 ‘
136 2575 190 2601 ex
211 2561 350 2601 animo
375 2559 556 2607 eiecisse,
580 2572 711 2612 quum
736 2555 1126 2611 Carthaginiensem
1155 2564 1387 2595 matronam
1415 2555 1489 2596 do-

152 2691 168 2723 7
190 2685 242 2714 Ne
258 2683 336 2722 quid
352 2684 544 2721 relinqueret
561 2678 694 2719 intem-i]
723 2679 775 2709 Ne
821 2687 904 2713 eam,
930 2686 1013 2715 quae
1044 2675 1232 2706 Masinissae
1265 2680 1367 2715 nupta
1400 2676 1489 2707 foret.

106 2730 162 2756 aut
186 2725 326 2761 Laelius,
348 2729 401 2754 aut
426 2724 493 2762 ipse
517 2722 624 2762 Scipio
648 2725 775 2760 possent
821 2720 928 2751 CREV.

107 2768 169 2807 iam
198 2771 311 2806 putare
337 2766 395 2796 sibi
424 2766 583 2805 integrum
614 2774 691 2799 esse,
717 2762 776 2792 sibi
864 2762 882 2790 8
906 2761 1040 2790 Ewitnm
1055 2759 1260 2799 suisurorz's]
1289 2760 1386 2796 Quod
1403 2770 1490 2790 arma

108 2810 243 2840 liberum
273 2819 339 2839 esse
368 2812 515 2843 tractare,
543 2810 576 2836 ut
605 2806 776 2844 captivam,
822 2803 854 2833 in
871 2803 1038 2833 Romanos
1053 2802 1207 2832 intulerit.

1154 2843 1259 2883 Ll2
