1871 3178
480 94 605 135 LIB.
641 94 832 136 XXVII.
881 95 1025 136 CAP.
1060 99 1125 135 34.
1418 94 1494 132 381

116 190 198 222 tam
223 197 350 238 prope
370 183 528 225 hostem
546 185 634 225 sinc
652 185 828 226 ducibus
844 193 993 232 essent,
1008 183 1200 223 omnibus
1217 181 1306 222 aliis
1326 182 1497 230 omissis,
1519 188 1557 218 U.
1575 188 1612 218 C.
1637 197 1709 226 544·

116 254 199 279 una
231 241 454 296 praecipua
482 257 580 282 cura
615 242 758 282 Patres
786 241 1073 297 populumque
1104 239 1282 286 incessit,
1310 238 1498 278 consules
1511 232 1550 300 (Λ,
1576 231 1615 292 C:
1637 232 1706 301 ²12⁸·

115 296 249 351 primo
272 312 439 353 quoquc
463 308 648 354 tempore
677 298 872 346 crcandi3
905 307 945 338 et
969 307 1014 337 ut
1036 311 1105 337 eos
1128 296 1386 351 potissin‘uun
1411 284 1678 344 (το-(ᾛζιᾏζῖ

87 362 246 401 7arcnt‚
284 369 460 409 quorum
497 356 626 395 virtus
661 355 756 395 satis
796 364 884 395 tuta
925 370 947 394 a
988 354 1131 394 fraude
1174 353 1335 392 Punica
1367 357 1610 392 essernmdis.

117 415 128 433 ‘
141 426 271 465 quum
290 420 376 451 toto
394 427 443 452 co
460 412 569 453 bello
586 412 784 452 damnosa
800 426 1075 467 praepropera
1096 425 1142 450 ac
1159 409 1316 450 fervida
1334 409 1499 463 ingenia

117 467 437 522 ‘imperatorum
468 469 653 517 fuissent,
684 478 771 509 tum
803 484 852 508 eo
882 469 969 523 ipso
997 483 1107 508 anno
1138 466 1340 514 consules,
1372 466 1499 505 nimia

117 530 128 546 ‘
144 525 372 579 cupiditate
401 526 644 566 conserendi
667 541 761 565 cum
789 526 906 565 hoste
936 540 1118 572 manum,
1142 524 1185 563 in
1208 523 1497 578 necopinatam

117 586 128 604 ⁶
144 581 331 622 fraudem
356 582 486 637 lapsos
508 597 606 623 esse.
672 583 871 623 Ceterum
891 582 990 622 deos
1011 580 1276 629 immortales,
1295 579 1498 619 miseritos

117 638 325 679 ‘nominis
353 639 546 688 Romani,
583 640 814 695 pepercisse
843 639 1024 678 innoxiis
1053 637 1327 678 exercitibus:
1369 646 1498 676 teme-

117 695 307 736 ‘ritatcm
344 696 559 736 consulum
594 697 776 751 ipsorum
813 696 1017 751 capitibus
1049 694 1290 735 ‹lamnasst
1352 694 1495 741 Quum
1573 690 1638 727 34·

115 752 479 807 circumspicerent
511 753 667 801 Patre&
698 768 900 808 quosnam
933 752 1123 793 consules
1148 752 1344 798 facerent,
1375 750 1495 805 longe
1510 745 1665 815 Q'Lssjldhffi

115 817 210 849 ante
233 809 332 849 alios
354 810 562 850 eminebat
587 809 636 850 C.
659 810 862 850 Claudius
886 809 1013 850 Nero.
1078 809 1128 848 Ei
1151 808 1310 861 collega
1326 822 1498 862 quaere-

114 866 260 914 batur3
304 874 346 906 ct
384 867 519 906 virum
561 867 732 922 quidem
774 882 869 907 cum
911 867 1124 922 egregium
1166 865 1387 913 ducebant,
1425 864 1498 904 sed

113 923 409 978 promptiorem
432 924 729 979 acrioremque,
753 939 877 979 quam
901 932 1089 979 tempora
1108 922 1206 963 bclli
1228 921 1497 977 postularent,

114 987 185 1020 aut
225 979 352 1020 hostis
394 980 629 1021 Hannibal:
674 981 992 1036 temperandum
1030 995 1121 1020 acre
1158 980 1246 1019 cius
1282 978 1497 1033 ingenium

114 1036 329 1077 moderato
350 1045 392 1078 ct
412 1037 610 1093 prudenti
626 1038 713 1078 viro
736 1038 933 1078 adiuncto
953 1037 1113 1090 collega
1134 1035 1370 1076 censebant.
1433 1033 1495 1074 M.
1511 1036 1557 1066 M.
1573 1035 1691 1066 Livius.

83 1092 260 1133 8Livius
281 1103 380 1142 erat,
404 1094 546 1135 multis
574 1104 668 1135 ante
695 1095 814 1135 annis
845 1110 897 1135 ex
926 1090 1143 1135 consulatu
1171 1091 1314 1147 populi
1344 1091 1498 1131 iudicio

113 1149 344 1190 damnatus.
411 1152 549 1198 Quam
569 1152 838 1206 ignominiam
856 1151 960 1191 adeo
978 1165 1098 1203 aegre
1123 1150 1283 1197 tulerat,
1302 1157 1347 1188 ut
1368 1157 1410 1188 ct
1430 1162 1499 1187 rus

114 1206 321 1260 migraret,
345 1215 385 1247 et
407 1222 482 1262 per
503 1208 654 1249 multos
667 1223 797 1248 annos
819 1216 861 1248 et
883 1209 983 1248 urbe
1006 1204 1047 1247 ct
1068 1206 1181 1246 omni
1199 1214 1321 1246 coetu
1342 1212 1499 1244 careret

114 1263 345 1305 hominum.
429 1264 588 1305 Octavo
629 1265 756 1305 ferme
799 1274 891 1320 post
931 1264 1241 1305 damnationem
1283 1277 1392 1302 anno
1434 1260 1495 1301 M.

118 1319 322 1360 Claudius
352 1320 578 1362 Marcellus
607 1331 648 1362 et
677 1321 738 1362 M.
758 1321 949 1362 Valerius
982 1321 1190 1361 Laevinus
1219 1318 1408 1359 consules
1435 1333 1499 1358 rc-

115 1376 322 1417 duxerant
338 1393 433 1418 cum
456 1379 499 1418 in
522 1378 664 1419 urbem
681 1395 689 1419 :
724 1378 796 1419 sed
818 1387 905 1419 crat
921 1387 1032 1419 veste
1051 1376 1246 1425 obsoleta,
1264 1374 1498 1430 capilloque

114 1442 156 1474 et
177 1434 303 1474 barba
330 1435 540 1490 promissa,
563 1436 797 1490 praeferens
826 1436 867 1475 in
891 1435 1008 1475 vultu
1032 1434 1262 1487 habituque
1291 1431 1497 1486 insignem

115 1491 357 1532 memoriam
388 1492 641 1547 ignominiae
673 1501 878 1547 acceptae.
941 1492 989 1532 L.
1010 1490 1210 1531 Veturius
1241 1498 1282 1529 et
1312 1489 1359 1528 P.
1385 1487 1498 1528 Lici-

115 1548 209 1588 nius
242 1563 431 1589 censores
462 1564 558 1589 eum
590 1549 765 1597 tonderi,
795 1558 837 1589 et
867 1548 1101 1604 squalorem
1128 1547 1351 1602 deponere,
1381 1554 1423 1585 et
1453 1544 1496 1583 in

83 1614 305 1652 9senatum
336 1605 491 1654 venire,
520 1606 722 1661 fungique
755 1606 843 1646 aliis
870 1605 1046 1661 publicis
1077 1603 1320 1644 muneribus
1351 1616 1498 1656 coege-

114 1670 223 1702 runt.
288 1661 371 1702 Sed
394 1671 481 1702 tum
508 1678 676 1718 quoque
702 1671 771 1703 aut
794 1664 918 1703 verbo
947 1661 1258 1709 assentiebatur,
1281 1667 1353 1699 aut
1378 1658 1498 1714 pedi-

114 1718 191 1758 bus
215 1719 260 1757 in
291 1720 539 1759 sententiam
566 1720 664 1768 ibat,
687 1719 820 1760 donec
848 1719 1014 1775 cognati
1041 1717 1223 1758 hominis
1248 1731 1344 1757 eum
1376 1730 1499 1756 causa

87 1792 98 1812 1
115 1774 176 1815 M.
197 1774 308 1815 Livii
337 1775 506 1825 Macati,
530 1792 661 1831 quum
682 1776 790 1817 fama
819 1777 908 1817 eius
935 1784 1138 1831 ageretur,
1162 1782 1339 1814 stantem
1362 1772 1498 1827 coegit

113 1831 157 1871 in
198 1841 346 1872 senatu
385 1834 634 1874 sententiam
676 1833 827 1874 dicere.
890 1833 1003 1874 Tum
1039 1847 1093 1873 ex
1129 1839 1244 1871 tanto
1280 1829 1498 1870 intervallo

113 1889 280 1929 auditus
296 1890 499 1930 convertit
517 1905 587 1931 ora
603 1890 821 1931 hominum
839 1890 882 1930 in
899 1905 955 1939 se,
974 1903 1223 1943 causamque
1240 1887 1499 1927 sermonibus

113 1946 316 2000 praebuit,
341 1947 542 2002 ‘indigno
563 1947 757 1987 iniuriam
786 1963 808 1987 a
835 1947 992 2002 populo
1011 1947 1175 1993 factam,
1197 1958 1432 1998 magnoque
1455 1942 1500 1982 id

116 2008 126 2025 ‘
143 2002 296 2043 damno
312 2003 450 2052 fuisse,
469 2004 582 2058 quod
605 2012 689 2044 tam
710 2004 825 2058 gravi
847 2003 955 2044 bello
976 2018 1054 2043 nec
1071 2016 1208 2056 opera,
1226 2015 1304 2040 nec
1325 1999 1498 2039 consilio

116 2064 127 2082 ‘
141 2059 233 2099 talis
248 2060 322 2099 viri
339 2075 411 2099 usa
426 2060 658 2115 respublica.
671 2069 789 2100 esset.
837 2060 887 2100 C.
906 2059 1069 2099 Neroni
1082 2072 1220 2112 neque
1239 2056 1291 2103 Q.
1308 2055 1497 2103 Fabium,

117 2120 278 2170 ‘neque
313 2116 374 2156 M.
398 2115 614 2156 Valerium
648 2116 879 2156 Laevinum
912 2116 1000 2155 dari
1029 2114 1206 2169 collegas
1238 2127 1369 2167 posse,
1402 2112 1500 2166 quia

116 2172 245 2213 ‘duos
265 2173 458 2228 patricios
483 2173 612 2214 creari
637 2188 722 2213 non
749 2172 905 2213 liceret.
968 2170 1159 2212 Eandem
1188 2183 1352 2209 causam
1380 2168 1424 2207 in
1446 2167 1496 2207 T.

116 2234 127 2252 ⁶
141 2228 303 2270 Manlio
324 2245 426 2279 esse,
448 2238 739 2285 praeterquam
761 2229 875 2285 quod
896 2236 1123 2270 recusasset
1143 2226 1327 2267 delatum
1350 2239 1499 2265 consu-

161 2390 176 2421 7
201 2384 341 2418 Quorum
361 2383 464 2412 virtus
484 2383 562 2411 satis
580 2383 667 2419 tnta]
695 2382 784 2416 Quo-

114 2434 185 2453 rum
209 2424 306 2453 virtus
330 2427 361 2453 et
384 2423 536 2453 fortitudo
558 2423 675 2453 bellica
697 2423 784 2452 adhi-

114 2467 204 2496 beret
238 2470 346 2495 tamen
382 2465 576 2502 cautionem,
605 2475 645 2495 ne
674 2465 786 2494 fraude

117 2508 241 2538 Punica
257 2512 432 2546 caperetur.
457 2508 562 2539 Cui-zv.

159 2551 178 2579 8
197 2551 317 2579 sslullis
332 2553 407 2579 ante
422 2548 533 2587 annis]
553 2548 591 2578 cf.
603 2547 697 2586 Supr.
708 2547 784 2577 xxii.

117 2600 166 2630 35.
213 2592 347 2630 Quippe
373 2591 483 2620 consul
510 2590 615 2620 fuerat
640 2589 785 2627 proximo

116 2638 191 2664 ante
215 2634 275 2663 hoc
299 2633 420 2662 bellum
444 2642 540 2669 anno,
563 2635 593 2661 et
617 2631 787 2660 damnatus

116 2676 220 2714 primo
236 2675 331 2705 huius
346 2674 422 2704 belli
437 2684 531 2704 anno.

158 2728 177 2758 9
201 2717 394 2756 Coeyernnt]
419 2726 461 2746 sc.
474 2716 537 2745 Vel
551 2719 586 2745 ut
599 2714 700 2744 virum
714 2724 786 2744 con-

116 2760 265 2795 sularem,
285 2759 333 2789 vel
358 2759 443 2797 quod
466 2762 562 2787 antea
585 2757 617 2786 in
640 2760 786 2786 senatum

830 2382 932 2411 lectus
945 2381 1063 2417 fuerat;
1083 2379 1163 2410 alias
1177 2389 1240 2408 non
1253 2381 1319 2416 coyi
1336 2377 1500 2417 potuisset.

831 2423 940 2453 DOER.

876 2474 887 2494 1
917 2466 1060 2494 Stantem
1086 2464 1183 2501 eoeyit
1209 2464 1243 2491 in
1269 2463 1400 2499 senatu]
1441 2460 1500 2490 Ni-

829 2506 958 2542 mirum,
974 2515 1073 2544 quum
1096 2504 1241 2543 pluribus
1257 2503 1360 2534 verbis
1375 2506 1499 2532 senten-

829 2547 907 2577 tiam
935 2557 1026 2576 suam
1049 2546 1247 2585 explicarent
1272 2556 1308 2575 ac
1335 2548 1501 2574 tuerentur

830 2592 1001 2625 senatores,
1022 2592 1142 2617 stantes
1165 2587 1332 2617 dicebant:
1357 2586 1499 2625 alioquin

829 2635 885 2660 aut
916 2631 1011 2659 verbo
1041 2630 1111 2659 aliis
1147 2629 1412 2665 assentiebantur,
1443 2632 1500 2658 aut

830 2671 1019 2702 discessione
1044 2672 1139 2709 facta,
1156 2671 1292 2710 pedibus
1317 2670 1349 2700 in
1374 2674 1498 2700 senten-

831 2714 908 2744 tiam
925 2714 1023 2743 ibant.
