1877 3178
172 232 216 262 U.
233 231 271 262 C.
294 238 364 270 543.

171 275 211 305 A.
235 274 272 305 C.
295 283 365 314 209.

178 1142 343 1174 Censores.

180 1428 233 1459 De
248 1429 352 1468 legen-

181 1472 222 1501 do
239 1472 322 1510 prin-

180 1513 252 1552 cipe
268 1524 356 1544 sena-

180 1559 232 1585 tus
248 1560 375 1586 conten-

180 1597 236 1630 tio.

376 136 458 174 354
879 129 1027 172 TITI
1063 128 1242 171 LIVII

378 229 496 264 erant
522 221 686 277 signum
713 220 835 270 Iovis,
859 221 1061 275 arborque
1092 219 1248 275 templo
1278 219 1523 275 propinqua,
1546 230 1588 262 et
1610 219 1752 263 Ostiae
1768 238 1786 260 2

377 280 502 328 lacus,
531 288 574 319 et
600 278 770 334 Capuae
802 292 957 326 murus,
981 277 1274 332 Fortunaeque
1305 276 1440 326 aedes,
1466 286 1509 318 et
1538 277 1754 319 Sinuessae

379 352 521 379 murus
548 345 762 392 portaque.
826 334 945 375 Haec
966 334 1018 375 de
1046 334 1162 375 coelo
1191 342 1310 374 tacta.
1375 333 1606 375 Cruentam
1630 335 1755 376 etiam

380 394 547 435 fluxisse
570 408 719 448 aquam
738 392 959 441 Albanam,
978 391 1146 446 quidam
1164 399 1352 432 auctores
1373 400 1512 432 erant:
1537 400 1579 433 et
1595 391 1754 433 Romae

380 452 492 493 intus
520 450 667 491 cellam
695 450 808 491 aedis
829 449 964 490 Fortis
986 449 1193 489 Fortunae
1214 448 1266 488 de
1289 448 1422 504 capite
1443 448 1621 504 signum,
1644 448 1756 504 qnod
1770 462 1788 493 3

381 509 426 549 in
453 523 606 549 corona
632 516 732 556 erat,
761 507 804 546 in
833 521 978 547 manus
1005 514 1151 561 sponte
1181 520 1253 546 sua
1279 505 1528 561 prolapsum.
1591 505 1648 546 Et
1667 506 1758 547 Pri-

381 565 498 607 verni
535 565 630 605 satis
665 564 879 605 constabat
913 564 1061 604 bovem
1099 563 1295 611 locutum,
1332 563 1643 619 vulturiumque
1678 563 1758 603 fre-

382 623 529 679 quenti
550 622 636 663 foro
657 622 701 661 in
722 622 933 662 tabernam
956 620 1179 669 devolasse,
1203 629 1245 660 et
1268 620 1485 661 Sinuessae
1506 629 1651 661 natum
1672 635 1759 660 am-

381 680 508 736 biguo
538 679 647 719 inter
677 693 833 719 marem
863 693 909 718 ac
935 677 1132 718 feminam
1160 692 1262 718 sexu
1292 677 1521 718 infantem:
1555 692 1658 733 quos
1686 692 1760 718 an-

384 737 591 793 drogynos
612 735 759 791 vulgus
780 737 846 790 (ut
867 735 1076 790 pleraque,
1095 734 1275 776 faciliore
1298 734 1350 775 ad
1371 734 1623 790 duplicanda
1637 735 1762 775 verba

387 794 549 835 Graeco
584 794 794 847 sermone)
825 791 1028 848 appellat:
1074 800 1115 832 et
1148 792 1252 832 lacte
1283 792 1448 847 pluisse,
1481 801 1522 833 et
1552 807 1647 833 cum
1678 791 1762 832 ele-

383 851 530 907 phanti
552 850 685 905 capite
706 864 883 905 puerum
904 857 1059 889 natum.
1123 848 1186 889 Ea
1212 849 1402 905 prodigia
1429 849 1572 890 hostiis
1597 848 1762 890 maiori-

383 909 460 949 bus
481 915 710 963 procurata,
734 914 776 947 et
795 905 1040 961 supplicatio
1068 906 1176 946 circa
1200 907 1340 947 omnia
1359 906 1604 962 pulvinaria,
1628 914 1670 947 et
1689 906 1793 952 ob-4

384 965 557 1006 secratio
585 964 629 1003 in
657 978 788 1004 unum
810 963 922 1003 diem
951 963 1130 1003 indicta:
1166 972 1207 1003 et
1228 963 1454 1013 decretum,
1478 972 1524 1004 ut
1548 963 1596 1004 C.
1618 963 1763 1004 Hosti-

384 1022 463 1062 lius
498 1030 663 1077 praetor
696 1020 816 1060 ludos
845 1019 1046 1074 Apollini,
1080 1019 1187 1059 sicut
1222 1020 1286 1060 his
1319 1021 1437 1061 annis
1466 1021 1552 1062 voti
1581 1020 1761 1075 factique

385 1088 514 1127 erant,
537 1086 705 1118 voveret
725 1077 972 1131 faceretque.

443 1135 525 1176 Per
558 1150 627 1175 eos
655 1134 743 1174 dies
776 1142 818 1174 et
851 1133 1089 1173 censoribus
1122 1133 1311 1174 creandis
1347 1134 1399 1182 Q.
1424 1134 1593 1174 Fulvius
1621 1133 1765 1175 consul

386 1192 554 1234 comitia
580 1191 736 1232 habuit.
802 1190 946 1231 Creati
974 1205 1177 1239 censoreS,
1200 1191 1321 1231 ambo
1349 1191 1421 1246 qui
1449 1191 1637 1231 nondum
1666 1206 1766 1232 con-

386 1250 493 1290 sules
520 1250 697 1297 fuerant,
728 1247 789 1289 M.
813 1246 1033 1288 Cornelius
1061 1247 1289 1304 Cethegus,
1318 1247 1364 1288 P.
1388 1248 1655 1304 Sempronius
1677 1248 1766 1288 Tu-

387 1307 564 1347 ditanus.
629 1306 688 1346 Hi
731 1320 921 1346 censores
962 1313 1009 1345 ut
1050 1319 1194 1360 agrum
1237 1304 1501 1361 Campanum
1542 1305 1796 1350 fruendums

386 1364 584 1413 locarent,
607 1379 659 1404 ex
690 1363 932 1403 auctoritate
959 1361 1131 1402 Patrum
1160 1363 1289 1403 latum
1316 1363 1360 1403 in
1387 1363 1554 1419 plebem
1582 1371 1654 1412 est,
1676 1362 1798 1418 ple-6

388 1422 543 1477 besque
565 1421 693 1461 scivit.
760 1419 937 1460 Senatus
965 1419 1186 1460 lectionem
1208 1420 1419 1461 contentio
1447 1420 1556 1460 inter
1576 1434 1766 1460 censores

388 1478 440 1519 de
461 1478 648 1534 principe
676 1477 854 1532 legendo
883 1477 1028 1517 tenuit.
1094 1476 1328 1533 Sempronii
1357 1477 1481 1518 lectio
1509 1485 1621 1518 erat:
1654 1486 1766 1518 cete-

389 1551 480 1576 rum
517 1534 738 1575 Cornelius
775 1542 959 1574 ‘morem
991 1534 1188 1575 traditum
1219 1550 1243 1574 a
1272 1535 1455 1590 patribus
1488 1534 1767 1590 sequendum'

389 1593 536 1641 aiebat,
570 1597 581 1615 ‘
598 1600 655 1640 ut,
679 1591 750 1646 qui
779 1592 936 1646 primus
961 1606 1106 1631 censor
1133 1607 1185 1632 ex
1213 1592 1274 1640 iis,
1298 1592 1369 1647 qui
1391 1592 1588 1641 viverent,
1610 1591 1765 1640 fuisset,

391 1655 403 1673 ⁶
420 1664 515 1690 eum
536 1649 767 1704 principem
791 1648 1000 1702 legerent?
1061 1647 1101 1688 Is
1124 1648 1172 1689 T.
1199 1648 1384 1689 Manlius
1406 1649 1645 1705 Torquatus
1666 1656 1765 1689 erat.

393 1706 673 1761 Sempronius,
715 1705 809 1745 ‘cui
837 1704 895 1744 dii
926 1714 1076 1745 sortem
1108 1705 1274 1761 legendi
1304 1706 1528 1755 dedissent,
1560 1714 1602 1747 et
1628 1706 1692 1746 ius
1718 1705 1769 1746 li-

392 1770 403 1787 ‘
418 1764 563 1805 berum
585 1762 752 1803 eosdem
773 1761 935 1802 dedisse
957 1762 1067 1802 deos,
1119 1761 1170 1802 Se
1193 1762 1236 1802 id
1257 1778 1331 1803 suo
1353 1763 1520 1803 arbitrio
1537 1763 1764 1803 facturum:

392 1821 707 1874 ‘lecturumque
735 1818 787 1866 Q.
809 1818 981 1858 Fabium
1003 1818 1254 1867 BIaximum,
1278 1834 1402 1874 quem
1427 1829 1514 1860 tum
1535 1820 1768 1875 principem

393 1878 636 1918 ‘Romanae
669 1876 846 1916 civitatis
882 1890 983 1924 esse,
1019 1876 1084 1916 vel
1123 1875 1359 1917 Hannibale
1397 1876 1548 1925 iudice,
1585 1877 1800 1922 victurus7

392 1941 404 1958 ‘
421 1935 551 1975 esset.’
614 1933 758 1981 Quum
780 1933 852 1972 diu
881 1940 1082 1973 certatum
1103 1933 1237 1973 verbis
1265 1941 1383 1982 esset,
1406 1933 1662 1974 concedente
1684 1932 1769 1974 col-

390 1992 494 2047 lega,
528 1991 659 2032 lectus
694 2005 718 2030 a
756 1989 1002 2045 Sempronio
1037 1990 1230 2045 princeps
1265 1990 1309 2030 in
1345 1999 1491 2031 senatu
1529 1990 1582 2038 Q.
1617 1989 1769 2031 Fabius

392 2048 605 2089 Maximus
627 2046 793 2088 consul:
818 2046 915 2087 inde
938 2047 1041 2087 alius
1062 2047 1193 2087 lectus
1213 2057 1391 2097 senatus,
1410 2058 1502 2089 octo
1523 2047 1767 2103 praeteritis,

435 2205 454 2231 2-
478 2196 585 2225 Ostiae
608 2195 713 2231 lacus]
751 2193 862 2228 Quum
890 2194 994 2223 lac-vm
1019 2193 1058 2222 dc

393 2239 482 2267 coelo
498 2241 619 2267 tactum
635 2236 730 2266 fuisse
746 2235 893 2274 nuspiam
914 2235 990 2264 alibi
1015 2235 1057 2264 le-

391 2280 482 2319 gerit,
498 2290 555 2309 nec
572 2279 731 2318 quomodo
755 2278 787 2307 id
808 2277 868 2307 dici
889 2277 997 2316 possit,
1013 2277 1057 2306 in-

392 2322 564 2357 tellexerit,
580 2323 671 2351 lucus
687 2321 747 2350 hoc
767 2321 838 2349 loco
855 2319 981 2349 Livium
998 2319 1056 2348 for-

1103 2196 1183 2229 rent,
1212 2192 1414 2231 mancipibus
1444 2193 1595 2223 locarent.
1639 2192 1770 2230 Noster,

1102 2238 1137 2264 ut
1161 2234 1298 2265 Crevier.
1326 2238 1444 2272 monet,
1470 2234 1658 2264 memoravit
1683 2245 1767 2274 supr.

1104 2286 1131 2315 3.
1148 2287 1257 2315 agrum
1279 2277 1482 2315 Campanum
1505 2287 1525 2306 a
1548 2276 1662 2307 Fulvio
1685 2277 1768 2307 loca-

1101 2323 1169 2348 tum
1187 2329 1262 2350 esse.
1302 2319 1363 2349 Sed
1381 2319 1530 2349 nimirum
1546 2319 1625 2349 haee
1645 2329 1694 2349 res
1709 2320 1768 2349 sol-

393 2368 475 2394 tasse
491 2363 651 2403 scripsisse
668 2362 803 2392 coniecit
820 2361 958 2392 Crevier.

438 2416 454 2445 3
473 2408 568 2437 Intus
582 2407 708 2442 cellam]
727 2406 821 2434 Intus
835 2405 957 2433 domum
973 2404 1058 2442 apud

395 2449 502 2480 Plaut.
524 2448 596 2478 Mil.
614 2447 703 2478 Glor.
720 2446 751 2477 ii.
768 2446 796 2477 6.
815 2454 864 2485 55.
886 2446 963 2475 citat
979 2446 1058 2475 Gro—

393 2491 514 2521 novius.

436 2546 455 2571 4
480 2533 658 2563 Obsecratio
674 2554 682 2562 .
699 2555 706 2561 .
724 2555 731 2562 .
747 2531 884 2568 indicta]
910 2531 1058 2560 Obsecra-

394 2577 435 2605 tz'o
451 2575 584 2605 sumitur
606 2574 658 2604 hic
681 2573 866 2612 specialiore
886 2583 979 2602 sensu
1002 2582 1059 2611 pro

394 2617 455 2647 ritu
493 2617 632 2655 quodam
670 2615 822 2655 peculiari
855 2614 1059 2654 supplicandi

396 2659 465 2693 diis,
481 2659 751 2697 (premadmodum
775 2667 858 2696 supr.
874 2657 915 2687 iv.
934 2667 982 2687 21.
1000 2658 1058 2687 Ol>-

395 2702 526 2730 secratio
542 2724 549 2730 .
564 2724 571 2730 .
585 2724 592 2731 .
608 2712 627 2730 a
642 2701 758 2739 populo
773 2700 951 2729 duumvir-is
965 2709 1059 2738 prae-

395 2743 542 2771 euntibus
557 2747 602 2772 est
609 2744 712 2780 facta.
739 2742 843 2772 Cam.

440 2791 456 2821 5
485 2785 525 2813 Ut
541 2794 652 2821 myrum
670 2784 869 2822 Campanum
880 2783 1060 2821 fruendum

395 2825 551 2860 locarent]
571 2835 612 2854 sc.
630 2825 676 2855 Ut
692 2825 829 2854 fructum
846 2835 901 2854 seu
915 2824 1060 2862 vectigal,

395 2866 479 2905 quod
508 2875 697 2904 possessores
722 2865 917 2904 reipublicae
943 2866 1059 2904 pende-

1102 2361 1243 2391 lenniore
1266 2361 1328 2390 ritu
1352 2361 1512 2400 peragitur
1534 2372 1553 2391 a
1577 2360 1768 2398 censoribus,

1104 2413 1237 2441 quorum
1253 2403 1417 2442 proprium
1434 2404 1494 2433 hoc
1510 2413 1624 2433 munus
1639 2406 1716 2440 erat,
1728 2413 1768 2433 ex

1103 2445 1291 2475 auctoritate
1307 2446 1439 2475 Patrum
1456 2445 1619 2485 plebisque
1635 2444 1730 2475 iussu.

1146 2487 1165 2518 6
1187 2489 1304 2518 Latum
1327 2489 1362 2518 in
1382 2489 1518 2527 plebem]
1554 2488 1650 2517 Hanc
1672 2486 1768 2518 inusi-

1103 2534 1203 2560 tatam
1227 2530 1377 2568 loquendi
1397 2530 1531 2560 formam
1555 2533 1681 2559 tantum
1703 2539 1768 2560 non

1102 2572 1223 2611 respuit
1249 2572 1387 2603 Crevier.
1413 2582 1511 2611 quum
1538 2582 1663 2611 semper
1690 2571 1769 2602 alias

1103 2615 1270 2653 scriptores
1298 2614 1421 2653 antiqui
1448 2614 1584 2644 dixerint
1606 2615 1699 2652 ferre
1726 2614 1769 2644 ad

1100 2658 1232 2695 plebem,
1255 2666 1350 2695 quam
1377 2656 1547 2687 lectionem
1574 2656 1646 2686 edd.
1672 2664 1766 2694 quae-

1104 2699 1178 2728 dam
1194 2709 1270 2738 prae
1286 2709 1318 2729 se
1333 2699 1449 2729 ferunt.

1148 2747 1164 2780 7
1194 2743 1342 2771 Victurus
1359 2742 1452 2779 esset]
1483 2740 1653 2771 Evicturus
1673 2741 1765 2769 esset.

1104 2783 1143 2813 cf.
1160 2783 1228 2814 Cic.
1252 2784 1293 2813 ad
1318 2783 1443 2814 Divers.
1461 2783 1504 2813 xi.
1522 2783 1571 2813 28.
1593 2783 1613 2797 ‘⁶
1628 2780 1765 2811 Perinde

1103 2834 1140 2854 ac
1170 2825 1194 2854 si
1223 2824 1286 2854 iam
1316 2825 1436 2860 vicerit,
1465 2823 1587 2854 obitum
1618 2822 1685 2852 eius
1721 2822 1765 2852 rei

1104 2866 1252 2905 publicae
1266 2866 1362 2896 fuisse
1377 2865 1522 2896 utilem.''
