1871 3178
526 98 648 138 Mn.
686 96 850 137 xxiv.
902 94 1046 134 (tAl’.
1081 99 1144 133 31.
1448 97 1525 134 207

156 189 432 245 Hippocrates
453 198 576 243 atque
605 187 820 243 Epicydes,
840 194 1054 240 postquam
1078 184 1166 238 capi
1185 198 1321 222 muros
1345 183 1642 234 refringi-1¹4¹.
1666 195 1735 229 53⁸.

154 264 235 303 qne
254 255 390 302 portas
404 246 555 293 ridere,
576 246 614 284 in
638 260 770 285 arcem
787 259 872 283 sese
891 257 984 282 eum
1002 241 1140 296 paucis
1159 255 1361 294 recepere.
1429 240 1527 279 liulc
1546 236 1581 264 A.
1606 237 1643 263 (“·
1671 244 1736 271 ³¹⁴·

124 305 258 352 4clam
282 314 401 344 nocte
426 304 678 343 Herbessum
703 301 950 357 perfugiunt.
1017 297 1294 354 &vracusaniffi
1317 306 1410 335 octo
1440 297 1530 335 mil-

156 362 255 402 lium
279 371 527 401 armatorum
549 360 712 413 agmine
736 357 926 413 profectis
948 356 1084 403 domo,
1108 355 1160 395 ad
1191 354 1350 409 Mylam
1374 354 1528 393 flumen

156 419 327 459 nuntius
360 418 548 462 occurrit.
581 425 741 471 captam
777 415 919 454 urbem
953 428 1064 455 esse:
1102 422 1240 453 cetera
1271 411 1370 451 falsa
1403 410 1531 450 mixta
1546 422 1643 450 Atrox
1663 432 1723 450 nun

157 477 262 517 veris
282 477 439 516 ferens:
473 474 639 515 caedem
663 472 935 528 promiscuam
961 470 1138 510 militum
1158 479 1282 524 atque
1304 467 1532 523 oppidano-
1545 464 1737 534 ¹5¹¹†‘¹‘³‘'²¹¹'·

157 549 247 574 rum
276 534 438 580 tactam,
463 548 537 572 nec
568 545 819 586 quemqnam
852 528 1050 584 puberem
1080 526 1262 567 arbitrari
1296 516 1623 580 su1›ci·esse:{f‚',}‡'
1635 507 1737 578 ,¹¹:21¹

127 592 360 646 stlireptam
384 591 551 630 urbem:
587 589 694 628 bona
719 586 986 641 locupletium
1012 585 1175 624 donata.
1241 583 1310 623 Ad
1338 582 1530 623 nuntium
1547 593 1712 629 Syrnvum

158 658 241 689 tam
291 657 469 688 atrocem
515 645 699 686 constitit
748 659 921 699 agmen3
978 641 1276 696 concitatisque
1327 639 1531 688 omnibus,
1548 644 1659 695 ¹}‘'f.¹¹¹¹¹·
1675 644 1725 692 PX*

158 706 299 755 ducos,
332 705 468 757 (erant
500 712 638 743 autem
675 701 785 742 Sosis
818 717 863 741 ac
899 700 1176 753 Dinomenes)
1212 697 1314 753 quid
1350 682 1738 750 agel·eiit,{.f[¹2{{‡{‘¹⁴

128 762 456 804 6consultabant.
520 759 707 800 'ferroris
746 759 926 814 speciem
972 757 1084 797 haud
1125 770 1270 796 vanam
1317 754 1534 795 mendacio

159 820 432 876 praebuerant
452 817 654 858 verberati
680 832 725 857 ac
754 816 885 857 securi
910 814 1086 871 percussi
1119 813 1352 868 transfugae
1375 811 1426 852 ad
1452 811 1535 851 (luo

160 876 288 917 millia
311 875 538 916 hominum.
604 874 803 914 Ceterum
836 873 1140 914 Leontinorum
1167 870 1430 925 militumque
1463 868 1537 908 ali-

159 949 277 975 orum
309 948 444 981 nemo,
476 941 569 988 post
598 940 760 987 captam
792 931 950 979 urbem,
982 929 1158 970 violatus
1187 928 1342 968 fuerat:
1381 942 1536 980 suaque

160 991 300 1032 omnia
331 990 391 1039 iis,
414 990 493 1030 nisi
522 1005 627 1045 quae
655 989 811 1044 primus
840 987 1042 1028 tumultus
1072 995 1215 1041 captae
1242 985 1353 1026 urbis
1374 984 1537 1024 absum-

160 1057 308 1105 pserat,
324 1047 655 1088 restituebantur.
710 1045 802 1087 Nec
825 1055 871 1086 ut
888 1045 1117 1085 Leontinos
1140 1044 1260 1091 irent,
1279 1042 1464 1097 proditos
1485 1040 1534 1080 atl

161 1105 331 1146 caedem
363 1104 666 1145 commilitones
697 1112 931 1158 querentes,
964 1101 1134 1157 perpelli
1167 1109 1352 1155 potuere,
1386 1114 1461 1138 nec
1494 1107 1535 1136 ut

161 1163 309 1204 eodem
342 1162 432 1203 loco
466 1162 682 1202 certiorem
716 1160 909 1200 nuntium
943 1166 1242 1214 exspectarent.
1308 1156 1451 1203 Quum
1488 1154 1539 1194 ad

163 1220 439 1260 defectionem
461 1218 678 1258 inclinatos
695 1218 854 1257 animos
875 1224 1090 1257 cernerent
1112 1224 1332 1270 praetores,
1348 1212 1421 1252 sed
1443 1227 1537 1252 eum

163 1286 323 1316 motum
358 1275 470 1316 haud
509 1274 751 1315 diuturnum
787 1274 884 1317 fore,
917 1273 949 1313 si
990 1273 1116 1312 duces
1152 1272 1355 1312 amentiae
1392 1269 1540 1309 sublati

164 1342 323 1381 essent3
375 1332 603 1373 exercitum
643 1331 803 1371 ducunt
851 1331 1089 1384 Megaram:
1143 1329 1218 1384 ipsi
1261 1343 1354 1368 eum
1399 1326 1542 1381 paneis

165 1390 374 1446 equitibus
408 1388 661 1430 Herbessum
693 1388 1024 1444 proficiscuntur,
1047 1402 1132 1441 spe,
1157 1385 1307 1426 territis
1335 1384 1539 1429 omnibus,

165 1463 240 1503 per
259 1447 538 1503 proditionem
555 1446 666 1486 urbis
686 1445 925 1501 potiundae.
992 1443 1120 1491 Quod
1142 1443 1210 1482 ubi
1228 1442 1377 1482 frustra
1400 1441 1447 1480 iis
1463 1440 1540 1479 fuit

166 1505 392 1560 inceptum,
430 1504 470 1544 vi
505 1503 712 1559 agendum
752 1502 841 1551 rati,
878 1510 1042 1557 postero
1082 1500 1150 1540 die
1188 1498 1371 1554 B‘Iegaris
1411 1506 1541 1538 castra

167 1571 347 1610 movent,
365 1572 411 1602 ut
434 1560 688 1601 Herbessum
710 1560 902 1599 omnibus
918 1559 1047 1613 copiis
1068 1565 1369 1613 oppugnarent.
1434 1554 1541 1609 lIip-
1558 1565 1735 1604 Hippocra-

168 1627 354 1674 pocrates
384 1628 426 1659 et
451 1617 673 1673 Epicydes,
695 1632 780 1657 non
812 1625 894 1657 tam
925 1625 1059 1656 tutum
1081 1615 1214 1670 prima
1243 1613 1392 1669 speeie,
1416 1626 1539 1667 quam
1555 1614 1602 1665 “1⁵
1618 1615 1648 1666 οξ
1668 1608 1742 1666 Ῑῇὶνῑῑ

139 1687 155 1719 7
170 1691 311 1725 unum,
329 1691 399 1731 spe
420 1675 606 1730 undique
629 1674 795 1723 abscisa,
814 1673 1044 1721 eonsilium,
1062 1688 1148 1713 esse
1166 1671 1257 1720 rati,
1276 1680 1321 1711 ut
1341 1685 1382 1710 se
1401 1669 1541 1709 militi·
1555 1652 1755 1733 ἷῇζῖῐζζὴῗῃῂξ-

169 1734 244 1774 bus
272 1733 573 1788 permitterent,
596 1741 638 1772 et
669 1731 838 1772 assuetis
860 1746 1009 1786 magna
1039 1745 1091 1770 ex
1122 1738 1237 1785 parte
1269 1728 1358 1776 sibi,
1381 1736 1422 1767 et
1454 1735 1541 1766 tum

168 1790 277 1831 fama
297 1789 434 1830 caedis
459 1789 790 1830 commilitonum
812 1788 1006 1837 accensis,
1030 1787 1192 1828 obviam
1215 1786 1370 1841 agmini
1402 1799 1545 1840 proee-

169 1847 286 1888 dunt.
347 1847 490 1887 Prima
514 1847 619 1887 forte
649 1847 767 1902 signa
793 1854 1085 1887 sexcentorum
1117 1843 1382 1885 Cretensium
1415 1851 1546 1889 erant,

170 1905 242 1960 qui
273 1904 385 1960 apud
416 1903 725 1960 Hieronymum
757 1911 994 1944 meruerant
1023 1902 1098 1942 sub
1129 1902 1190 1951 iis,
1223 1910 1265 1942 et
1300 1898 1549 1941 Hannibalis

169 1962 420 2003 beneficium
444 1962 664 2010 habebant,
688 1961 796 2016 capti
829 1960 882 2001 ad
904 1960 1195 2000 Trasimenum
1223 1959 1331 1998 inter
1364 1958 1549 1997 Roman-

171 2034 290 2060 orum
311 2019 476 2068 auxilia,
492 2019 745 2074 dimissique.
812 2018 928 2066 Quos
946 2017 1016 2057 ubi
1038 2032 1090 2057 ex
1112 2016 1239 2070 signis
1257 2028 1548 2068 armorumque

171 2076 318 2117 habitu
338 2091 566 2132 cognovere
590 2076 869 2131 Hippocrates
890 2083 1014 2130 atque
1042 2073 1263 2129 EpicydeS,
1286 2086 1419 2112 ramos
1436 2070 1548 2110 oleae

141 2146 160 2176 8
173 2149 219 2175 ac
240 2133 471 2174 velamenta
491 2133 570 2174 alia
589 2133 821 2189 supplicum
851 2133 1122 2188 porrigentes,
1145 2145 1272 2178 orare,
1298 2135 1308 2152 ‘
1326 2137 1371 2169 ut
1391 2128 1548 2183 recipe-

175 2196 186 2214 ‘
202 2200 295 2232 rent
320 2206 420 2239 sese,
443 2200 713 2246 receptosque
744 2198 988 2238 tutarentur,
1010 2204 1095 2229 neu
1120 2187 1344 2243 proderent
1375 2185 1550 2241 Syracu-

143 2261 162 2292 9
176 2253 187 2270 ‘
203 2249 323 2297 sanis,
345 2264 369 2288 a
389 2249 539 2304 quibus
560 2263 656 2288 mox
678 2248 755 2303 ipsi
777 2246 1012 2287 trucidandi
1032 2244 1186 2301 populo
1210 2244 1402 2284 Romano
1423 2241 1550 2282 dede·-

177 2310 356 2345 ‘rentur.
438 2304 688 2353 Enimvero,'
728 2304 1000 2351 conclamant,
1043 2304 1226 2343 ‘bonum
1273 2310 1319 2341 ut
1366 2300 1548 2340 animum
1627 2306 1692 2343 31,

220 2471 239 2497 4
254 2460 463 2496 Herbessum]
490 2457 659 2489 Cluverius
670 2459 842 2488 Erhessum
887 2457 947 2493 ris3
969 2456 1031 2485 vim
1050 2455 1197 2491 terrendi,
1214 2465 1295 2493 qnae
1317 2453 1425 2492 aliquo
1449 2453 1554 2482 colore

179 2502 297 2538 scribit,
320 2505 355 2531 ut
380 2501 470 2530 cuius
490 2510 605 2530 nomen
629 2510 647 2529 a
671 2510 747 2529 voce
763 2501 842 2529 Ere-
887 2499 1047 2528 niteretur.
1072 2499 1176 2528 (ἷκεν.

179 2546 236 2575 hus
266 2544 439 2574 deductum
468 2543 526 2572 sit:
555 2552 597 2572 sc.
623 2541 777 2580 oppidum
799 2541 844 2571 Si·
934 2548 949 2579 7
973 2541 1034 2578 Spe
1058 2541 1200 2579 undique
1223 2539 1360 2575 abscisa]
1396 2538 1435 2568 cf.
1460 2537 1552 2576 Supr.

180 2586 273 2617 ciliae
288 2587 329 2615 ad
343 2586 448 2615 fontes
465 2584 570 2622 Anapi
587 2583 736 2613 fluminis.
894 2591 939 2621 15.
979 2582 1075 2620 Vulg.
1092 2583 1237 2611 abscissa.

224 2639 240 2668 5
257 2629 403 2665 Donata]
420 2627 580 2665 Intellige,
590 2625 753 2655 militibus.
785 2625 843 2655 Ce—
931 2625 948 2653 8
979 2625 1159 2654 Velamenta
1182 2624 1247 2652 alia
1270 2623 1467 2661 supplicum]
1500 2622 1552 2651 In-

179 2675 283 2702 terum
307 2670 418 2709 legisse
441 2669 517 2699 alibi
540 2669 626 2698 haud
649 2667 780 2696 memini
796 2678 844 2697 res
888 2667 981 2703 sulas,
997 2671 1027 2695 et
1045 2676 1125 2704 quae
1141 2665 1204 2695 alia
1226 2675 1245 2694 a
1268 2665 1466 2703 supplicibus
1484 2675 1552 2703 por-

180 2715 309 2749 donata,
338 2713 482 2742 absolute
515 2711 666 2750 positum,
696 2709 762 2739 sine
792 2719 845 2739 no-
890 2709 945 2748 rigi
963 2713 993 2738 et
1011 2708 1174 2747 praetendi
1190 2708 1302 2737 solent.
1326 2708 1430 2738 Cum:

181 2755 268 2786 mine
283 2755 360 2791 eius,
376 2754 427 2784 cui
443 2755 569 2784 donata.
594 2753 734 2783 Summi.
932 2761 950 2791 9
974 2752 1059 2789 Ipsi]
1094 2749 1243 2789 Intellige
1268 2751 1353 2789 ipsos
1376 2750 1554 2781 Cretenses,

229 2798 248 2828 6
276 2798 416 2829 Tem-oris
442 2797 573 2836 speciem
599 2796 688 2825 lzuud
714 2796 844 2831 vanam]
891 2794 931 2824 ad
947 2803 1024 2832 quos
1039 2792 1091 2822 hic
1107 2802 1208 2823 sermo
1224 2792 1374 2831 dirigitur.
1399 2792 1503 2822 Cnnv.

183 2840 365 2879 Speciosam
393 2838 532 2877 aliquam
562 2837 725 2867 materiem
753 2840 846 2866 terro-
