1825 3173
86 177 182 208 U.o.
201 185 272 216 534.

83 221 122 250 A.
146 220 184 250 C.
201 221 272 251 218.

85 805 216 835 Frustra
231 813 277 833 re·

85 850 224 876 vocatur.

86 889 130 919 U.
147 889 184 918 C.
203 894 274 926 535.

85 931 124 960 Α.
146 931 184 960 C.
204 939 273 968 2¹7·

84 974 144 1003 Cn.
163 971 265 1001 Servi-

84 1015 139 1050 lio,
155 1014 192 1043 (J.
208 1013 280 1043 Fla-

83 1055 183 1085 minio
201 1056 250 1085 ΙΙ.

85 1098 175 1128 Coss.

300 92 352 129 58
805 91 952 132 ΤΙΤΙ
990 91 1166 133 LIVll

301 182 312 200 ‘
325 185 495 233 retque:
529 194 583 220 ne
604 180 775 221 Latinas
796 181 1012 230 indiceret,
1035 180 1208 236 Iovique
1232 180 1390 220 Latiari
1411 179 1595 220 sollenne
1617 193 1680 218 sa-
1694 188 1713 214 4

300 238 312 257 ‘
328 249 444 275 crum
464 235 509 275 in
530 245 671 278 monte
692 237 868 279 faceret:
902 253 968 286 ne,
991 238 1201 293 auspicato
1222 236 1431 292 profectus
1447 236 1491 276 in
1507 235 1681 291 Capito-

299 290 430 331 ‘lium
457 292 510 333 ad
531 301 626 333 vota
656 294 950 350 nuncupanda,
973 294 1192 350 paludatus
1219 293 1317 333 inde
1345 308 1441 333 cum
1468 292 1681 333 lictoribus

300 347 380 388 ‘ad
411 349 667 403 provinciam
699 351 789 391 iret.
852 351 984 391 Lixae
1018 351 1142 391 modo
1182 350 1269 390 sine
1311 349 1554 405 insignibus,
1592 348 1680 388 sine

300 403 550 455 ‘lictoribus,
587 407 818 462 profectum
852 407 970 457 clam,
1002 407 1156 456 furtim,
1189 407 1301 447 haud
1337 406 1457 447 aliter
1487 420 1612 460 quam
1647 404 1681 444 si

301 466 313 484 ‘
328 461 462 503 exsilii
476 478 599 503 causa
614 464 747 504 solum
760 464 959 505 vertisset.
1013 464 1152 520 Magis
1168 479 1242 520 pro
1260 464 1472 504 maiestate
1486 461 1682 502 videlicet

302 518 489 573 ‘imperii
514 519 708 570 Arimini,
731 536 857 576 quam
886 520 1061 570 Romae,
1084 521 1368 576 magistratum
1402 520 1616 567 initurum,
1639 526 1683 558 et

301 575 373 614 ‘in
393 575 628 617 deversorio
650 577 855 633 hospitali,
879 593 1004 632 quam
1026 578 1137 633 apud
1167 586 1339 633 penates
1360 591 1467 626 suos,
1489 583 1683 631 praetex-

301 637 407 672 ‘tam
431 635 718 688 sumpturum.’
778 634 1080 675 Revocandum
1100 635 1281 675 universi
1301 632 1682 687 retrahendumque

300 698 576 738 censuerunt3
619 700 662 731 et
697 691 932 745 cogendum
969 692 1162 732 omnibus
1196 691 1310 746 prius
1342 697 1604 746 praesentem
1639 688 1684 728 in

299 744 400 785 deos
430 745 703 802 hominesque
733 747 852 802 fungi
880 747 1037 796 officiis,
1070 762 1196 802 quam
1227 748 1280 787 ad
1308 747 1539 788 exereitum
1567 753 1610 785 et
1639 744 1684 784 in

300 802 557 856 provinciam
588 804 677 844 iret.
740 803 790 843 In
821 819 912 844 eam
943 803 1195 858 legationem
1226 804 1402 858 (legatos
1432 803 1543 843 enim
1575 800 1686 841 mitti

301 857 477 913 placuit)
502 859 554 906 Q.
574 860 799 900 Terentius
820 869 861 900 et
884 859 945 900 M.
967 860 1174 901 Antistius
1194 860 1383 915 profecti,
1401 859 1533 899 nihilo
1555 858 1685 912 magis

301 929 399 954 eum
426 924 658 965 moverunt,
681 932 808 971 quam
834 917 961 972 priori
992 916 1210 957 consulatu
1229 916 1372 957 literae
1398 923 1614 956 moverant
1633 915 1685 954 ab

302 979 446 1011 senatu
470 972 627 1012 missae.
690 972 850 1014 Paucos
871 982 964 1028 post
985 973 1073 1014 dies
1101 973 1386 1028 magistratum
1407 972 1514 1021 iniit,
1537 972 1686 1012 immo-

301 1026 488 1083 lantique
517 1029 555 1068 ei
575 1029 730 1070 vitulus
754 1030 837 1069 iam
858 1030 964 1070 ictus
989 1045 1011 1070 e
1034 1030 1225 1070 manibus
1252 1029 1573 1070 sacrificantium
1597 1043 1685 1068 sese

302 1099 432 1137 quum
463 1085 746 1140 proripuisset,
773 1085 925 1126 multos
955 1086 1270 1127 circumstantes
1300 1101 1445 1126 cruore
1477 1084 1683 1140 respersit.

302 1139 418 1195 Fuga
438 1142 581 1195 procul
611 1142 736 1182 etiam
766 1142 897 1182 maior
923 1143 1035 1197 apud
1062 1143 1239 1197 ignaros,
1262 1142 1363 1197 quid
1396 1142 1685 1196 trepidaretur,

301 1204 344 1236 et
364 1198 624 1237 concursatio
646 1198 745 1238 fuit:
780 1198 824 1238 id
851 1214 875 1238 a
900 1199 1108 1253 plerisque
1138 1199 1182 1238 in
1207 1213 1328 1239 omen
1360 1199 1499 1253 magni
1522 1198 1687 1238 terroris

300 1261 532 1307 acceptum.
594 1254 851 1309 Legionibus
883 1255 980 1295 inde
1017 1255 1177 1295 duabus
1210 1270 1233 1295 a
1269 1254 1516 1310 Sempronio
1541 1254 1688 1310 prioris

302 1310 401 1349 anni
422 1310 606 1359 consule,
625 1311 785 1352 duabus
807 1327 830 1352 a
854 1310 903 1352 C.
920 1312 1054 1352 Atilio
1074 1321 1262 1367 praetore
1285 1312 1477 1367 acceptis,
1496 1312 1540 1351 in
1562 1311 1688 1351 Etru-

304 1365 405 1406 riam
428 1381 502 1421 per
525 1366 742 1422 Apennini
766 1368 950 1409 tramites
972 1369 1179 1409 exercitus
1200 1369 1297 1409 duci
1319 1377 1381 1409 est
1402 1376 1585 1423 coeptus.

346 1531 365 1556 4
388 1519 440 1549 Ne
457 1519 590 1549 Lalinas
605 1520 774 1556 indiceret]
807 1520 882 1549 Mos
897 1524 975 1557 erat,
1020 1521 1174 1550 dixissent
1197 1525 1227 1551 ct
1252 1523 1473 1552 celebrassent.
1502 1522 1540 1552 cf.
1557 1532 1640 1561 supr.
1661 1534 1686 1552 v,

305 1564 340 1589 ut
367 1561 513 1590 consules
540 1571 601 1590 non
629 1565 704 1590 ante
735 1561 765 1590 in
798 1562 976 1600 provincias
1025 1571 1070 1602 17.
1095 1564 1199 1594 Cuffl'.

306 1602 589 1641 proficiscerentur„
613 1613 708 1642 quain
733 1603 789 1633 has
816 1603 907 1634 ferias
931 1604 974 1634 iu-
