1871 3178
486 97 608 138 LIB.
645 96 859 137 XXVIII.
908 96 1053 138 (JAP.
1088 101 1154 140 37.
1427 105 1506 143 441

131 186 274 226 urbem
297 185 466 226 classem
488 186 659 241 appulit.
726 186 786 226 Ibi
817 201 946 240 quum
977 186 1158 227 interdiu
1188 188 1337 228 milites
1365 190 1406 229 in
1438 205 1511 231 na-

129 242 248 282 vibus
282 243 492 292 tenuisset,
525 252 645 283 nocte
683 243 725 282 in
762 242 857 282 litus
893 243 1102 297 expositos
1138 244 1191 284 ad
1227 255 1385 299 partem
1419 262 1509 287 cam

129 299 249 348 muri,
273 314 355 353 qua
386 309 505 354 capta
535 299 746 353 Carthago
775 299 824 339 ab
856 299 1057 339 Romanis
1084 300 1230 348 fuerat,
1258 301 1398 343 ducit:
1433 318 1509 344 nec

128 356 334 410 praesidio
364 357 460 396 satis
490 356 625 397 valido
658 357 799 396 urbem
830 356 960 395 teneri
990 365 1114 406 ratus,
1137 366 1178 397 et
1206 357 1366 413 aliquos
1393 361 1511 415 oppi-

128 412 330 453 danorum
353 413 406 453 ad
427 428 542 468 spcm
569 412 750 452 novandi
777 427 840 452 res
865 412 1023 467 aliquid
1048 422 1242 454 moturos
1309 415 1509 457 Ceterum

128 470 266 509 nuntii
298 485 349 509 ex
381 470 487 524 agris
520 469 668 525 trepidi
702 468 823 509 simul
855 469 1165 524 populationem
1201 472 1508 528 agrestiumque

126 525 266 580 fugam
299 535 341 566 et
372 526 551 567 hostium
588 526 813 566 adventum
845 526 1094 567 attulerant:
1141 536 1183 567 et
1213 529 1297 569 visa
1328 529 1509 570 interdiu

127 581 264 623 classis
292 592 391 632 erat,
421 598 497 623 nec
525 583 612 623 sine
639 598 762 622 causa
789 582 962 623 electam
991 592 1086 624 aute
1116 585 1260 625 urbem
1289 586 1508 627 stationem

126 640 361 694 apparebat.
425 639 572 695 Itaque
609 640 797 679 instructi
835 640 1064 694 armatique
1101 641 1209 681 intra
1244 652 1418 697 portam,
1457 643 1509 684 ad

126 707 318 750 stagnum
340 712 387 737 ac
409 711 519 736 mare
542 711 711 744 versam,
731 696 1062 737 continebantur.
1108 698 1192 738 Ubi
1215 699 1332 739 effusi
1356 699 1507 749 hostes,

125 752 257 793 mixta
279 753 386 793 inter
407 753 557 793 milites
579 753 732 793 navalis
754 754 887 802 turba,
905 753 957 793 ad
980 769 1118 796 muros
1140 755 1320 796 tumultu
1339 757 1506 806 maiore,

125 824 250 864 quam
280 810 332 858 vi,
356 810 583 858 subierunt,
613 810 818 865 patefacta
845 820 1017 865 repente
1046 821 1175 867 porta,
1202 812 1382 853 Romani
1412 829 1508 854 cum

124 866 303 906 clamore
332 875 582 921 erumpunt:
618 867 885 922 turbatosque
915 867 1065 916 hostes,
1088 878 1130 909 et
1159 869 1210 909 ad
1239 870 1418 924 primum
1444 871 1508 911 in-

123 937 289 963 cursum
311 923 631 979 coniectumque
654 923 829 964 telorum
852 939 1026 974 aversoS,
1050 940 1180 980 usque
1210 927 1261 966 ad
1290 927 1386 967 litus
1411 942 1506 968 eum

123 979 255 1020 multa
275 980 401 1020 caede
428 989 760 1035 persequuntur:
795 996 886 1029 nec,
909 982 987 1021 nisi
1018 997 1142 1022 naves
1170 983 1280 1023 litori
1309 983 1505 1038 appulsae

123 1036 306 1091 trepidos
339 1037 606 1092 accepissent,
635 1037 904 1092 supersuisset
936 1053 1100 1093 pugnae
1135 1049 1206 1079 aut
1238 1039 1360 1095 fugae
1394 1041 1507 1095 quis-

123 1108 260 1148 quam.
323 1093 374 1134 In
403 1094 501 1149 ipsis
525 1109 693 1149 quoque
724 1094 975 1148 trepidatum
1004 1095 1177 1136 navibus
1208 1104 1281 1145 est,
1308 1096 1421 1145 dum,
1452 1112 1505 1138 nc

122 1149 261 1191 hostes
281 1165 377 1190 eum
399 1151 483 1190 suis
507 1150 630 1190 simul
655 1151 945 1205 irrumperent,
969 1152 1139 1192 trahunt
1167 1153 1306 1201 scalas,
1330 1168 1504 1208 orasque

122 1215 165 1247 et
192 1222 374 1255 ancoras,
398 1222 450 1248 ne
478 1207 521 1246 in
550 1207 760 1247 moliendo
793 1222 907 1248 mora
939 1217 1057 1257 esset,
1093 1209 1362 1263 praecidunt:
1398 1210 1505 1250 mul-

123 1263 238 1318 tique
261 1273 463 1305 annantes
484 1264 669 1313 navibus,
693 1264 851 1305 incerto
876 1279 973 1319 prae
1000 1266 1192 1315 tenebriS,
1215 1267 1319 1321 quid
1340 1276 1411 1308 aut
1432 1282 1505 1322 pe-

122 1328 259 1361 terent
291 1330 363 1362 aut
388 1321 578 1370 vitarent,
600 1321 721 1362 foede
755 1321 1015 1362 interierunt.
1078 1322 1250 1363 Postero
1278 1323 1345 1364 die
1372 1339 1503 1379 quum

121 1376 260 1418 classis
290 1377 388 1418 inde
420 1385 530 1418 retro
561 1378 614 1418 ad
638 1378 869 1427 Oceanum,
898 1379 1010 1419 unde
1039 1389 1220 1428 venerat,
1243 1380 1427 1435 fugisset,
1451 1381 1504 1421 ad

121 1434 353 1490 octingenti
380 1434 570 1475 homines
598 1435 705 1476 caesi
732 1434 841 1475 inter
868 1450 1033 1476 murum
1061 1436 1255 1492 litusque,
1278 1446 1319 1477 et
1345 1437 1398 1477 ad
1419 1437 1503 1477 duo

121 1490 251 1532 millia
270 1506 478 1532 armorum
499 1492 678 1532 inventa.

178 1547 321 1603 Mago,
340 1564 470 1603 quum
491 1548 632 1589 Gades
653 1549 881 1605 repetisset,
900 1549 1092 1590 exclusus
1112 1550 1224 1599 inde,
1243 1550 1295 1591 ad
1315 1550 1501 1591 Cimbim

119 1604 254 1659 (haud
274 1605 418 1660 procul
439 1621 463 1646 a
486 1605 676 1646 Gadibus
702 1607 735 1647 is
760 1607 875 1647 locus
896 1606 1030 1661 abest)
1051 1607 1177 1647 classe
1199 1607 1383 1662 appulsa,
1406 1607 1502 1648 mit—

119 1661 257 1702 tendis
284 1662 441 1717 legatis,
467 1662 779 1718 querendoque,
807 1663 920 1718 quod
950 1672 1091 1718 portae
1124 1664 1202 1705 sibi
1234 1664 1344 1705 socio
1375 1673 1500 1719 atque

91 1718 252 1765 7amico
273 1718 434 1759 clausae
456 1720 604 1768 forent,
623 1720 895 1776 purgantibus
916 1720 978 1770 iis,
997 1720 1278 1761 multitudinis
1299 1736 1503 1762 concursu

118 1775 287 1824 factum,
309 1775 480 1816 infestae
513 1777 564 1817 ob
593 1776 756 1832 direpta
783 1777 987 1832 quaedam
1022 1777 1093 1818 abs
1126 1777 1502 1818 conscendentibus

88 1843 246 1874 8naves
267 1832 479 1882 militibus,
502 1833 556 1873 ad
576 1833 831 1889 colloquium
853 1835 1020 1875 suffetes
1041 1849 1198 1883 eorum,
1222 1835 1294 1890 qui
1316 1850 1503 1875 summus

119 1888 272 1929 Poenis
297 1898 359 1930 est
383 1890 656 1945 magistratus,
679 1906 775 1931 eum
797 1900 1014 1947 quaestore
1040 1891 1196 1940 elicuit,
1218 1891 1502 1946 laceratosque

118 1946 359 1987 verberibus
391 1947 504 1987 eruci
537 1947 647 2001 affigi
682 1948 825 1988 iussit:
865 1948 963 1988 inde
995 1948 1168 1987 navibus
1201 1948 1254 1987 ad
1285 1948 1502 2003 Pityusam

118 2002 308 2051 insulam,
326 2012 496 2043 centum
518 2003 647 2043 millia
666 2004 794 2044 ferme
817 2019 840 2044 a
860 2004 1106 2052 continenti,
1124 2004 1278 2058 (Poeni
1301 2012 1389 2043 tum
1411 2018 1502 2043 eam

118 2058 376 2113 incolebant)
398 2059 569 2099 traiecit.
632 2059 780 2114 Itaque
806 2059 943 2099 classis
963 2060 1074 2100 bona
1094 2074 1189 2100 cum
1210 2074 1310 2114 pace
1334 2068 1503 2114 accepta

119 2123 194 2164 est,
217 2130 294 2156 nec
323 2124 578 2156 commeatus
600 2116 724 2157 modo
753 2116 932 2171 benigne
961 2116 1150 2171 praebiti,
1173 2116 1246 2156 sed
1271 2116 1315 2155 in
1337 2116 1503 2170 supple-

118 2180 308 2212 mentum
339 2172 476 2212 classis
508 2173 701 2213 iuventus
732 2187 928 2227 armaque
954 2173 1062 2213 data.
1128 2172 1320 2220 Quorum
1348 2172 1503 2212 fiducia

119 2228 288 2269 Poenus
336 2229 381 2269 in
427 2229 611 2270 Baliares
660 2229 814 2270 insulas
854 2229 1180 2286 (quinquaginta
1224 2228 1323 2269 inde
1374 2228 1504 2269 millia

89 1555 110 1587 6

832 2355 973 2392 deducit,
999 2359 1029 2385 et
1058 2355 1209 2386 Bor-hart.
1236 2357 1380 2387 Canaan.
1406 2355 1425 2386 i.
1456 2366 1502 2394 14.

162 2354 181 2385 6
203 2356 258 2385 Ad
272 2355 422 2392 Cimbim]
450 2355 579 2385 Nomen
596 2354 657 2385 Ioci
675 2366 787 2394 parum

832 2407 851 2427 a
878 2408 955 2427 voce
984 2398 1146 2436 sophetim.
1193 2398 1344 2428 Cetemm
1375 2397 1407 2426 hi
1439 2398 1503 2427 duo

119 2400 244 2433 notum,
260 2398 310 2427 vel
326 2397 457 2427 fortasse
473 2398 693 2436 depravatum.
717 2398 778 2428 CR.

165 2446 181 2478 7
204 2440 429 2477 Puryantihus
446 2441 500 2476 iis]
529 2439 691 2478 Purgandi
708 2439 788 2478 seip-

120 2490 171 2511 sos
186 2480 252 2510 sive
269 2480 442 2510 excusandi
458 2491 553 2510 eausa
570 2481 758 2511 dicentibus.

162 2524 181 2553 8
203 2523 340 2561 Suffetes
363 2523 487 2559 eorum]
514 2523 644 2561 Nempe
668 2526 699 2552 et
725 2523 789 2552 Ga-

120 2564 221 2594 ditani
236 2563 338 2594 Poeni
351 2568 451 2601 erant,
464 2564 496 2594 id
512 2568 570 2600 est,
583 2574 600 2593 e
614 2564 791 2594 Phoenicia

120 2605 256 2637 oriundi.
302 2605 410 2636 Gades
433 2606 517 2635 enim
545 2605 671 2636 colonia
699 2606 789 2645 Tyri-

120 2658 211 2678 orum
242 2651 318 2678 erat.
372 2648 509 2678 Suffetes
533 2647 641 2686 lingua
665 2647 788 2677 Pum'ca

120 2694 194 2721 sunt
223 2689 352 2720 iudices.
377 2690 482 2720 CREV.
526 2690 654 2728 Szcseles
683 2689 788 2728 legen-

120 2733 198 2762 dum
215 2736 322 2762 censet
337 2731 495 2771 Sigonius,
508 2731 597 2761 cuius
612 2731 788 2761 sententiae

119 2775 228 2805 favent
252 2773 392 2813 Scaliger
413 2774 454 2804 ad
478 2774 609 2804 Festum
636 2783 662 2803 v.
683 2774 788 2811 Sufes.

120 2816 174 2855 qui
199 2826 271 2847 eam
295 2826 407 2847 vocem
429 2816 470 2847 ab
494 2816 645 2847 Hebraeo
667 2816 788 2856 sophim

832 2439 1035 2477 magistratus
1078 2438 1176 2469 annui
1217 2444 1317 2473 erant,
1355 2439 1410 2477 qui
1447 2443 1502 2469 aut

832 2492 931 2519 reyes,
954 2481 1051 2511 Arist.
1073 2481 1143 2511 Pol.
1167 2480 1199 2511 ii.
1226 2491 1271 2511 11.
1295 2482 1391 2511 Corn.
1415 2481 1502 2520 Nep.

833 2522 866 2551 in
889 2522 952 2552 vita
974 2522 1117 2552 Hannib.
1144 2531 1169 2561 7.
1191 2526 1246 2552 aut
1268 2525 1411 2553 consules
1430 2523 1502 2553 infr.

834 2574 910 2594 xxx.
941 2572 965 2602 7.
991 2568 1046 2594 aut
1074 2566 1193 2595 indices
1219 2565 1289 2595 infr.
1317 2564 1426 2595 xxxiv.
1451 2564 1502 2596 61.

835 2610 1000 2642 vocantur,
1016 2607 1286 2644 quemadmodum
1304 2617 1356 2645 ap.
1373 2606 1441 2637 Cic.
1462 2607 1502 2637 de

832 2647 929 2687 Legg.
953 2647 996 2677 iii.
1025 2660 1054 2686 4.
1079 2648 1223 2687 legimus,
1246 2650 1345 2687 Restio
1369 2650 1501 2687 imperio

832 2690 894 2719 dico
923 2694 1038 2719 sunto:
1072 2691 1157 2730 iique
1189 2692 1386 2730 praeeundo,
1418 2691 1500 2720 iudi-

832 2733 943 2765 cando.
959 2733 1159 2766 consulendo,
1176 2738 1353 2771 praetores,
1369 2733 1501 2769 iudice&

833 2775 975 2805 consules
991 2775 1204 2814 appellantor.

1527 203 1568 234 U.
1587 203 1624 233 (Σ.
1647 203 1717 242 546.

1526 246 1563 277 Α.
1587 247 1625 277 C.
1648 245 1717 276 206.

1579 1553 1645 1594 37.

1515 1609 1624 1639 Gades
1640 1619 1685 1639 re-

1515 1652 1607 1690 petit,
1627 1652 1713 1681 unde

1515 1694 1710 1724 excluditur.
