1871 3178
501 70 625 112 LIB.
660 71 878 113 XXVIII.
929 72 1074 113 CAP.
1110 77 1176 116 20.
1442 80 1525 117 423

144 159 215 199 ‘in
243 174 383 215 pugna
412 168 451 200 et
484 160 524 200 in
554 161 654 209 acie,
680 161 747 201 nbi
774 161 887 202 Mars
908 163 1140 202 eommunis
1161 170 1203 202 et
1223 163 1379 204 victum
1401 180 1523 220 saepe
1540 175 1584 207 U.
1602 175 1640 206 C.
1662 174 1733 214 546.

143 217 359 271 ‘erigeret,
389 226 430 257 et
461 217 660 272 affligeret
689 218 910 266 victorem3
943 233 996 259 an
1028 219 1258 273 postmodo,
1281 230 1461 262 cremata
1482 219 1575 263 etA·
1601 219 1639 249 C·
1662 216 1733 248 ²06·

142 272 307 314 ‘diruta
336 275 448 322 urbe,
471 283 567 315 ante
599 289 669 315 ora
698 284 911 330 captarum
944 275 1166 329 coniugum
1200 275 1520 333 liberorumque,

141 329 278 371 ‘inter
300 332 467 372 verbera
488 340 529 372 et
551 331 727 381 vincula,
751 332 890 372 omnia
910 332 1032 373 foeda
1060 341 1185 388 atque
1210 333 1381 389 indigna
1402 336 1520 390 passi,

141 388 452 443 ‘exspirarent.’
515 388 645 443 Igitur
679 404 762 429 non
801 389 987 430 militaris
1023 390 1147 430 modo
1183 400 1307 439 aetas,
1341 401 1413 431 aut
1446 393 1519 432 viri
1535 400 1700 439 Oppidani

110 452 314 494 1tantuni‚
351 445 424 486 sed
465 446 642 486 feminae
683 446 886 501 puerique
927 461 1051 502 supra
1090 447 1216 487 animi
1254 449 1519 503 corporisque
1533 443 1646 514 ²2⁰¹?OE
1662 454 1706 474 ΓΟ·

137 501 243 542 vires
270 502 443 543 adsunt:
478 503 837 558 propugnantibus
866 503 947 543 tela
975 504 1223 553 ministrant,
1246 520 1344 545 saxa
1366 505 1408 545 in
1431 520 1521 546 mu-
1533 495 1573 515 m
1591 490 1657 516 unt.

136 572 201 599 ros
242 560 527 600 munientibus
565 568 728 614 gerunt.
791 559 892 600 Non
932 560 1098 601 libertas
1138 560 1271 601 solum
1308 563 1519 618 agebatur,

136 630 243 670 quae
276 616 457 657 virorum
492 617 660 657 fortium
698 624 859 657 tantum
895 625 1064 672 pectora
1099 618 1233 667 aeuit3
1266 619 1339 660 sed
1375 619 1521 661 ultima

136 673 324 713 omnium
352 674 566 729 supplicia,
589 681 631 713 et
650 673 772 713 foeda
799 688 908 714 mors
939 675 991 714 ob
1022 674 1163 715 oculos
1192 683 1290 716 erat.
1355 676 1519 717 Accen-

135 729 342 770 debantur
361 731 489 771 animi
511 739 551 770 et
573 730 797 770 certamine
820 729 969 771 laboris
997 746 1043 772 ae
1072 732 1259 787 periculi,
1283 741 1407 789 atque
1430 734 1518 788 ipso

134 785 245 827 inter
273 802 315 827 se
347 796 584 842 conspeetu.
648 786 796 842 Itaque
819 796 934 828 tanto
963 788 1108 829 ardore
1135 798 1345 831 certamen
1367 790 1518 831 initum

134 852 207 892 est,
226 852 272 884 ut
292 843 472 884 domitor
492 844 560 884 ille
584 844 710 884 totius
734 844 961 899 Hispaniae
983 846 1203 895 exereitus,
1227 847 1277 887 ab
1300 847 1423 887 unius
1444 863 1518 903 op—

132 899 222 956 pidi
251 900 468 941 iuventute
500 916 621 957 saepe
653 901 841 956 repulsus
871 917 895 942 a
925 903 1065 951 muris,
1095 903 1207 944 haud
1238 904 1335 944 satis
1365 904 1517 945 decoro

131 956 289 1012 proelio
323 957 559 1013 trepidaret.
622 957 673 998 Id
706 958 778 999 ubi
809 958 913 1000 vidit
946 958 1098 1014 Scipio,
1121 960 1286 1010 veritus,
1319 976 1372 1001 ne
1400 962 1516 1001 vanis

131 1014 348 1055 conatibus
379 1030 547 1056 suorum
575 1024 618 1056 et
646 1015 832 1056 hostibus
860 1025 1064 1056 cresceret
1092 1017 1266 1065 animus,
1289 1026 1330 1058 et
1351 1018 1517 1072 segnior

131 1070 251 1112 miles
281 1072 411 1120 fieret,
438 1072 603 1113 sibimet
636 1071 872 1112 conandum
906 1087 952 1112 ac
981 1081 1141 1128 partem
1171 1073 1345 1128 periculi
1374 1089 1516 1129 capes-

132 1128 303 1168 sendam
337 1143 424 1169 esse
455 1137 580 1177 ratus,
607 1129 809 1184 increpita
841 1129 1006 1184 ignavia
1038 1129 1231 1179 militum,
1261 1131 1357 1171 ferri
1388 1130 1515 1171 scalas

131 1184 270 1225 iubet:
305 1199 347 1226 se
370 1185 517 1240 ipsum,
541 1186 573 1225 si
596 1185 721 1225 ceteri
744 1195 1006 1235 cunctentur,
1030 1201 1296 1227 escensurum
1318 1188 1512 1229 minatur.

133 1240 222 1281 Iam
244 1242 426 1282 subierat
447 1242 559 1282 haud
581 1241 780 1282 mediocri
801 1242 986 1297 periculo
1007 1244 1185 1293 moenia,
1209 1259 1339 1299 quum
1361 1244 1516 1286 clamor

101 1297 319 1353 zundique
348 1299 398 1340 ab
427 1298 612 1340 sollicitis
632 1299 765 1339 vicem
796 1299 1054 1355 imperatoris
1086 1300 1285 1342 militibus
1316 1301 1513 1351 sublatus,

130 1355 347 1411 scalaeque
369 1355 509 1396 multis
530 1356 652 1396 simul
673 1356 858 1411 partibus
879 1356 981 1412 erigi
1003 1365 1185 1412 coeptae.
1235 1357 1291 1399 Et
1312 1373 1365 1399 ex
1387 1358 1515 1399 altera
1529 1364 1615 1395 Urbs
1628 1364 1714 1405 capi-

130 1420 246 1467 parte
283 1412 451 1453 Laelius
486 1413 622 1453 instat.
693 1413 805 1453 Tum
840 1413 949 1454 victa
984 1414 1288 1470 oppidanorum
1322 1415 1405 1456 vis:
1439 1415 1512 1456 de-
1526 1410 1587 1438 tur.

130 1469 332 1524 ieetisque
368 1469 744 1525 propugnatoribus
779 1480 1037 1526 occupantur
1076 1471 1195 1512 muri.
1258 1471 1352 1512 Arx
1387 1472 1512 1513 etiam
1590 1469 1657 1507 20-

131 1526 182 1567 ab
210 1541 259 1567 ea
286 1536 414 1582 parte,
438 1542 521 1582 qua
541 1527 879 1582 inexpugnabilis
901 1527 1131 1577 videbatur,
1154 1528 1264 1569 inter
1284 1529 1512 1569 tumultum
1526 1523 1613 1554 Tum
1625 1523 1724 1555 etiam

130 1591 251 1638 capta
271 1592 343 1624 est.
406 1584 662 1639 Transfugae
685 1584 792 1633 Afri,
811 1584 883 1639 qui
905 1593 994 1626 tum
1015 1585 1125 1625 inter
1144 1585 1300 1626 auxilia
1321 1585 1514 1627 Romana
1525 1575 1592 1598 arx.

130 1648 260 1689 erant,
283 1649 324 1682 et
352 1641 571 1696 oppidanis
601 1642 645 1681 in
676 1656 725 1682 ea
755 1640 923 1690 tuenda,
950 1641 1063 1682 unde
1091 1642 1324 1697 perieulum
1344 1642 1514 1684 videba-

131 1706 210 1746 tur,
239 1698 378 1747 versis,
410 1706 453 1738 et
487 1698 689 1739 Romanis
721 1698 1007 1747 subeuntibus,
1040 1714 1123 1754 qua
1155 1699 1268 1740 adire
1304 1707 1512 1755 poterant,

130 1763 438 1809 conspexerunt
458 1754 727 1796 editissimam
754 1755 866 1796 urbis
890 1763 1065 1811 partem,
1089 1756 1188 1811 quia
1207 1771 1309 1812 rupe
1331 1757 1514 1812 praealta

129 1811 359 1866 tegebatur,
382 1826 520 1867 neque
553 1827 678 1867 opere
711 1811 796 1853 ullo
828 1812 1046 1862 munitam,
1072 1821 1115 1854 et
1145 1813 1196 1854 ab
1227 1813 1513 1854 defensoribus

129 1883 312 1910 vacuam.
375 1868 554 1909 Levium
587 1884 808 1924 corporum
838 1869 1041 1919 homines,
1074 1878 1117 1911 et
1149 1870 1280 1910 multa
1310 1870 1513 1911 exercita-

129 1924 242 1966 tione
270 1925 516 1981 pernicium,
539 1925 675 1966 elavos
707 1941 848 1966 secum
880 1926 1032 1967 ferreos
1068 1935 1290 1981 portantes,
1324 1942 1407 1982 qua
1437 1942 1514 1982 per

128 1982 404 2036 inaequaliter
437 1982 665 2022 eminentia
700 1982 813 2036 rupis
848 1991 1053 2037 poterant,
1086 1982 1304 2023 scandunt.
1369 1983 1513 2024 Sicubi

128 2038 253 2078 nimis
273 2038 450 2078 arduum
471 2047 514 2078 et
534 2038 624 2079 leve
653 2053 798 2078 saxum
821 2039 1074 2086 occurrebat,
1097 2038 1233 2079 elavos
1253 2053 1328 2094 per
1348 2039 1513 2080 modica

127 2094 346 2135 intervalla
370 2095 558 2150 figentes,
581 2109 712 2150 quum
733 2093 847 2135 velut
877 2094 1029 2149 gradus
1059 2094 1265 2144 fecissent,
1294 2095 1417 2151 primi
1448 2110 1512 2136 se-

128 2159 307 2207 quentes
337 2151 602 2192 extrahentes
631 2166 771 2200 manu,
803 2152 1002 2207 postremi
1033 2151 1294 2192 sublevantes
1323 2167 1405 2201 eos,
1438 2152 1511 2207 qui

127 2208 350 2263 praeirent,
371 2209 417 2248 in
444 2223 654 2249 summum
678 2207 872 2249 evadunt.
935 2207 1040 2249 Inde
1063 2208 1289 2249 decurrunt
1311 2223 1407 2250 eum
1428 2209 1512 2249 cla-

128 2279 242 2305 more
263 2265 308 2305 in
329 2265 475 2306 urbem
496 2266 578 2306 iam
599 2274 760 2320 captam
783 2265 834 2306 ab
857 2264 1069 2306 Romanis.
1134 2265 1245 2306 Tum
1267 2281 1364 2307 vero
1385 2281 1511 2321 appa·
1525 2277 1689 2317 Oppidani

128 2321 224 2370 ruit,
254 2322 305 2362 ab
335 2321 396 2362 ira
424 2330 467 2363 et
498 2323 549 2362 ab
582 2322 678 2363 odio
714 2322 857 2363 urbem
895 2330 1178 2378 oppugnatam
1208 2337 1308 2364 esse.
1371 2321 1510 2364 Nemo
1523 2321 1574 2393 ζῇ)
1576 2321 1716 2395 {3313ss

1525 2405 1642 2438 lentur.

843 2458 989 2490 Caesaris
1019 2460 1183 2498 Augustae
1211 2457 1302 2497 (hod.
1327 2459 1511 2501 Saragossa)

843 2505 953 2531 contra
971 2500 1085 2530 Gallos
1100 2501 1253 2537 defensio,
1269 2502 1396 2539 quando
1413 2503 1433 2517 “
1445 2503 1511 2533 dux

129 2461 223 2491 nibus
243 2464 329 2490 certa
349 2466 382 2490 et
397 2459 556 2490 destinata
576 2459 628 2496 sit,
643 2459 799 2489 adiiciunt

129 2503 162 2533 id
178 2512 279 2532 unum
298 2502 424 2538 referre,
440 2512 495 2532 seu
516 2501 549 2531 id
570 2511 670 2531 uuum
692 2511 799 2540 super-

129 2554 197 2575 esse
223 2543 404 2581 discrimen,
427 2553 490 2582 quo
513 2543 646 2582 quisque.
672 2543 743 2572 loco
767 2546 798 2573 et

128 2587 225 2617 modo
252 2589 388 2616 mortem
413 2589 602 2624 oppeteret3
630 2588 737 2614 utrum
765 2584 798 2614 in

130 2639 238 2668 pugna
259 2632 291 2658 et
314 2627 346 2657 in
367 2627 447 2663 acie,
463 2638 504 2657 an
526 2627 694 2666 postmodo
715 2627 799 2656 inter

130 2671 260 2701 verbera
297 2674 327 2699 et
361 2669 489 2699 vincula
522 2668 797 2708 contumeliasque

130 2712 335 2752 exspirarent.
360 2712 465 2742 CREv.

176 2764 188 2784 1
213 2755 277 2785 Sed
283 2754 429 2793 feminae
442 2754 617 2793 pzterique]
643 2751 754 2783 Cuivis
766 2752 799 2782 in

130 2800 271 2828 mentem
306 2795 425 2827 venerit
459 2794 583 2835 egregia
620 2795 677 2825 illa
715 2794 800 2825 urbis

842 2542 961 2572 femina
976 2542 1081 2572 facti⁹⁹
1096 2542 1180 2572 cives
1200 2552 1272 2572 suos
1292 2543 1417 2582 fugatos
1432 2554 1510 2575 voce

843 2588 873 2614 et
895 2594 991 2623 opera
1012 2594 1068 2614 sua
1088 2585 1129 2614 ad
1149 2585 1256 2614 ruinas
1275 2595 1439 2615 murorum
1459 2590 1509 2617 tu-

843 2627 941 2655 endas
952 2626 1078 2656 hortata
1091 2630 1149 2663 est,
1160 2631 1191 2657 et
1208 2630 1368 2665 postremo
1384 2627 1510 2659 hostem

842 2669 967 2698 elusum
982 2667 1134 2698 absistere
1147 2669 1385 2708 oppugnatione
1398 2670 1510 2709 coegit.

887 2720 903 2739 2
928 2711 1076 2741 Sollicitis
1088 2711 1185 2742 vicem
1198 2712 1414 2750 imperatoris]
1441 2712 1510 2742 Sol-

844 2751 939 2782 licitis
962 2753 1002 2782 de
1028 2752 1107 2790 vice,
1126 2753 1165 2783 de
1189 2757 1282 2792 sorte,
1304 2754 1344 2784 de
1366 2753 1510 2794 periculo

843 2794 1051 2834 imperatoris.
1075 2795 1180 2826 CREV.
