1825 3173
340 112 388 149 14
851 103 998 146 TITI
1034 102 1212 145 LIVII

122 204 166 235 U·
182 204 220 234 C·
238 211 308 246 534·
337 197 484 238 inclusi
506 212 601 238 cum
623 196 870 252 coningibus
891 211 937 236 ac
957 195 1096 235 liberis
1118 194 1262 234 domos
1282 206 1407 247 super
1427 206 1468 233 se
1490 191 1600 248 ipsos
1620 205 1720 232 con-

121 247 159 276 A.
184 246 221 277 C·
239 246 312 274 ²¹⁸·
336 263 637 303 cremaverunt,
660 262 731 294 aut
759 253 904 293 armati
930 251 1091 291 nullum
1120 259 1215 292 ante
1238 250 1365 289 finem
1392 264 1571 304 pugnae,
1594 262 1720 303 quam

188 317 251 354 15.
337 312 572 359 morientes,
603 310 822 351 fecerunt?
884 308 1068 363 Captum
1109 306 1310 363 oppidum
1341 314 1403 346 est
1432 320 1529 345 cum
1558 304 1721 360 ingenti

336 369 501 424 praeda.
567 368 820 421 Quanquam
840 365 1038 421 pleraque
1061 365 1111 405 ab
1133 363 1312 404 dominis
1333 362 1385 402 de
1407 361 1611 402 industria
1631 375 1722 402 cor-

337 434 461 481 rupta
481 432 610 473 crant,
634 432 676 464 et
697 424 742 463 in
771 422 966 463 caedibus
991 422 1061 461 vix
1092 420 1224 461 ullum
1252 419 1475 460 discrimen
1496 418 1641 458 aetatis
1662 418 1722 457 ira

339 483 506 530 fecerat,
538 490 580 521 et
610 480 762 535 captivi
794 479 975 519 militnm
1004 477 1158 532 praeda
1186 477 1372 524 fuerant3
1425 484 1566 515 tamen
1596 483 1638 514 et
1669 489 1722 514 ex

338 539 471 594 pretio
502 553 639 578 rerum
670 536 931 577 venditarum
974 534 1234 589 aliquantum
1274 532 1476 588 pecuniae
1507 530 1722 571 redactum

339 611 426 636 esse
449 603 621 643 constat,
644 602 686 634 et
707 593 880 633 multam
907 591 1129 647 pretiosam
1157 589 1459 645 supellectilem
1480 597 1721 643 vestemque

340 653 505 692 missam
530 650 841 705 Carthaginem.

400 708 559 749 Octavo
580 722 735 755 mense,
754 721 879 761 quam
896 713 1090 760 coeptum
1108 703 1352 759 oppugnari,
1371 710 1538 758 captum
1563 700 1724 756 Sagun·-

340 774 443 813 tum,
476 765 645 819 quidam
676 764 897 818 scripsere:
945 761 1042 802 inde
1078 760 1374 816 Carthaginem
1405 774 1555 799 novam
1586 759 1629 798 in
1659 757 1752 797 hi-1

341 823 469 863 berna
487 821 767 861 Hannibalem
786 819 1032 860 concessisse
1048 835 1056 858 :
1087 818 1235 872 quinto
1252 816 1405 857 deinde
1424 831 1578 864 mense,
1598 830 1724 869 quam

342 880 393 919 ab
422 878 677 933 Carthagine
704 876 913 932 profectus
940 875 1004 923 sit,
1027 875 1069 914 in
1100 874 1262 914 Italiam
1290 873 1536 929 pervenisse.
1603 872 1723 919 Quae

343 936 377 975 si
408 935 465 975 ita
495 942 602 983 sunt,
625 934 715 974 fieri
746 948 831 973 non
861 933 1010 987 potuit,
1038 939 1084 971 ut
1115 931 1161 971 P.
1184 930 1418 979 Cornelius,
1442 929 1507 970 Ti.
1530 929 1724 984 Sempro-

343 992 437 1031 nius
467 991 657 1031 consules
688 991 854 1037 fuerint,
877 989 929 1029 ad
959 1003 1064 1043 quos
1095 996 1136 1028 ct
1166 987 1371 1042 principio
1402 985 1725 1042 oppugnationis

342 1048 468 1103 legati
503 1047 722 1102 Saguntini
753 1046 865 1086 missi
895 1045 988 1093 sint,
1012 1054 1053 1085 et
1083 1044 1157 1099 qui
1187 1045 1231 1083 in
1261 1059 1335 1084 suo
1366 1044 1609 1098 magistratu
1629 1056 1725 1082 cum

344 1104 596 1153 Hannibale,
620 1104 722 1143 alter
749 1103 801 1142 ad
827 1102 1024 1142 Ticinum
1051 1116 1229 1149 amnem,
1252 1101 1373 1140 ambo
1399 1100 1612 1155 aliquanto
1633 1106 1727 1153 post

343 1161 396 1200 ad
424 1161 635 1208 Trebiam,
661 1159 950 1214 pugnaverint.
1016 1159 1103 1197 Aut
1130 1157 1271 1196 omnia
1294 1157 1483 1197 breviora
1513 1156 1726 1210 aliquanto

341 1217 471 1265 fuere,
495 1225 566 1256 aut
597 1216 831 1270 Saguntum
852 1214 1057 1269 principio
1080 1214 1192 1261 anni,
1215 1228 1299 1267 quo
1328 1213 1374 1252 P.
1397 1212 1633 1260 Cornelius,
1658 1212 1723 1252 Ti.

346 1273 617 1328 Sempronius
645 1271 834 1312 consules
862 1271 1042 1318 fuerunt,
1066 1285 1150 1309 non
1173 1278 1368 1324 coeptum
1397 1269 1630 1324 oppugnari
1651 1276 1726 1317 est,

342 1330 417 1370 sed
439 1338 618 1384 captum.
672 1328 783 1368 Nam
806 1328 1027 1367 excessisse
1049 1341 1190 1381 pugna
1211 1326 1263 1367 ad
1286 1326 1483 1366 Trebiam
1505 1326 1549 1365 in
1570 1340 1728 1365 annum

347 1386 427 1427 Cn.
451 1386 612 1432 Servilii
652 1393 694 1424 et
737 1384 786 1424 C.
810 1383 1004 1423 Flaminii
1040 1398 1124 1422 non
1159 1391 1316 1437 potest:
1366 1383 1465 1437 quia
1500 1381 1729 1422 Flaminius

346 1442 530 1482 Arimini
544 1440 803 1482 consulatum
821 1440 927 1488 iniit,
946 1448 1105 1479 creatus
1121 1440 1171 1479 ab
1189 1439 1254 1479 Ti.
1274 1438 1521 1494 Sempronio
1538 1438 1725 1486 consule3

346 1499 432 1554 qni,
450 1507 543 1554 post
558 1512 742 1553 pugnam
759 1497 811 1536 ad
833 1496 1029 1536 Trebiam
1052 1496 1104 1535 ad
1126 1495 1326 1536 creandos
1342 1495 1530 1535 consules
1548 1495 1729 1535 Romam

345 1571 476 1611 quum
501 1555 692 1603 venisset,
715 1553 892 1593 comitiis
922 1553 1115 1608 perfectis
1143 1552 1196 1593 ad
1227 1552 1457 1593 exercitum
1485 1552 1530 1592 in
1554 1552 1730 1593 hiberna

344 1612 479 1653 rediit.

406 1669 491 1709 Sub
513 1669 624 1708 idem
646 1668 730 1708 fere
753 1677 916 1722 tempus
944 1675 986 1707 et
1014 1667 1152 1721 legati,
1176 1667 1246 1721 qui
1274 1666 1483 1707 redierant
1504 1681 1528 1706 a.
1552 1665 1730 1707 Cartha-

345 1726 455 1781 gine,
489 1726 669 1765 Romam
699 1724 943 1772 retulerunt,
976 1723 1115 1763 omnia
1151 1723 1315 1763 hostilia
1345 1738 1445 1772 esse,
1479 1731 1520 1763 et
1554 1722 1729 1777 Sagunti

345 1782 555 1823 excidium
588 1781 826 1821 nuntiatum
857 1790 939 1820 est:
974 1789 1195 1834 tantusque
1227 1779 1349 1819 simul
1380 1794 1541 1820 maeror
1571 1779 1729 1828 Patres,

346 1838 712 1892 misericordiaque
741 1838 946 1877 sociorum
975 1846 1285 1892 peremptorum
1315 1836 1502 1892 indigne,
1525 1844 1567 1877 et
1594 1836 1730 1891 pudor

347 1911 433 1936 non
464 1895 536 1935 lati
571 1894 727 1943 auxilii,
760 1903 802 1934 et
831 1894 892 1933 ira
926 1893 969 1933 in
1004 1893 1383 1947 Carthaginienses,
1416 1901 1635 1948 metusque
1676 1893 1729 1933 de

345 1967 506 1992 summa
526 1966 662 1991 rerum
685 1951 808 2006 cepit,
830 1950 945 1990 velut
965 1950 998 1989 si
1021 1950 1102 1989 iam
1120 1950 1173 1990 ad
1194 1958 1332 2004 portas
1354 1949 1481 1990 hostis
1503 1958 1636 1998 esset3
1669 1958 1728 1998 ut,

346 2018 407 2049 tot
428 2024 511 2049 uno
538 2017 722 2062 tempore
752 2007 932 2047 motibus
961 2007 1089 2047 animi
1118 2007 1284 2055 turbati,
1307 2006 1564 2061 trepidarent
1584 2006 1727 2061 magis,
1744 2021 1760 2051 5

345 2080 470 2120 quam
499 2064 772 2105 consulerent.
835 2063 947 2103 Nam
976 2078 1114 2118 neque
1140 2063 1303 2103 hostem
1332 2063 1533 2103 acriorem
1559 2063 1731 2104 bellico-

1741 1230 1757 1250 ta

130 1726 236 1765 Capto
254 1726 307 1755 Sa-

128 1772 229 1806 gunto
245 1772 305 1797 tre-

132 1810 243 1848 pidant
261 1810 325 1839 Ro-

131 1852 228 1882 mani.

394 2204 405 2224 1
434 2195 567 2230 Quidum
581 2194 750 2232 scripsere]
771 2194 861 2222 Inter
872 2192 930 2222 hos
944 2192 1013 2222 Pol.

348 2236 391 2266 iii.
409 2243 459 2274 37.
477 2240 508 2266 et
529 2234 576 2273 56.
594 2246 688 2273 quem
709 2236 824 2264 ducem
846 2234 905 2263 nisi
927 2235 1015 2263 dese-

348 2278 459 2308 ruisset
498 2277 619 2313 Livius,
648 2287 712 2306 non
750 2287 787 2306 ea
824 2276 1015 2311 tradidisset,

1060 2191 1173 2221 hiemis
1196 2191 1386 2221 renovandis
1406 2191 1513 2230 quiete
1534 2194 1566 2221 et
1585 2190 1651 2222 otio
1672 2191 1730 2221 mi-

1061 2233 1152 2262 litum
1192 2233 1376 2272 corporibus
1408 2233 1585 2271 animisque
1617 2234 1729 2263 datum

1061 2279 1151 2305 esset.
1199 2276 1296 2305 Unde
1323 2275 1484 2313 colligitur
1509 2274 1729 2304 Hannibalem

348 2330 430 2358 qnae
454 2320 522 2358 ipse
547 2329 622 2348 mox
647 2318 679 2347 in
703 2318 835 2348 dubium
858 2321 961 2353 vocat,
985 2321 1016 2346 ct

346 2372 482 2400 quorum
519 2361 620 2390 nodos
649 2360 771 2390 ratione
804 2369 915 2398 parum
946 2368 1015 2398 pro-

346 2403 445 2433 babili
461 2404 582 2432 solvere
599 2406 741 2432 conatur.
767 2402 851 2431 Rue.

390 2455 406 2474 2
431 2446 511 2475 Aut„
530 2446 710 2482 Sayzmtum
738 2444 902 2482 principio
935 2444 1015 2472 (mni

346 2510 353 2517 .
369 2511 375 2516 .
390 2510 396 2516 .
414 2487 560 2525 captum]
588 2486 729 2515 Omnino
753 2495 882 2515 necesse
905 2488 963 2521 est,
981 2488 1016 2513 ut

347 2529 524 2566 Saguntum
550 2538 613 2557 non
637 2527 794 2566 principio
815 2526 909 2556 huius
930 2526 1016 2561 anni,

347 2571 402 2599 sed
432 2570 596 2608 aliquanto
624 2573 698 2598 ante
726 2569 822 2598 finem
849 2568 1017 2607 superioris

348 2614 479 2649 captum
496 2610 600 2639 fuerit.
638 2611 701 2639 His
717 2611 801 2640 enim
819 2611 1018 2649 temporibus

349 2653 494 2681 consules
516 2652 628 2681 Idibus
650 2652 776 2681 Martiis
797 2652 1017 2691 magistratum

348 2693 480 2723 inibant.
527 2692 602 2722 Vid.
625 2693 699 2722 xxii.
724 2703 748 2724 1.
770 2695 856 2724 xxvi.
878 2704 902 2724 1.
919 2694 1016 2724 xxvii.

352 2743 378 2774 7.
433 2735 523 2765 Infra
558 2738 665 2764 autem
707 2744 756 2771 21,
796 2736 1016 2765 Hannibalem

350 2777 495 2806 videmus
519 2776 621 2814 primo
649 2786 719 2806 vere
746 2778 924 2815 profectum
950 2787 1017 2806 esse

349 2828 389 2848 ex
406 2818 577 2857 Hispania,
589 2822 756 2856 postquam
769 2822 873 2848 totum
889 2823 1018 2857 tempus

1061 2317 1173 2346 eodem
1187 2317 1251 2346 fere
1267 2320 1412 2355 tempore
1425 2316 1620 2355 Carthagine
1634 2316 1731 2347 Nova

1060 2358 1207 2394 movisse,
1220 2368 1282 2397 quo
1298 2359 1330 2387 hi
1344 2360 1501 2395 consules,
1513 2360 1549 2388 P.
1562 2358 1731 2389 Cornelius

1059 2404 1091 2430 et
1116 2400 1166 2431 Ti.
1196 2400 1403 2439 Sempronius
1426 2401 1648 2439 magistratum
1672 2401 1730 2430 ini-

1060 2446 1172 2477 ernnt3
1196 2442 1373 2481 Saguntum
1390 2446 1498 2472 autem
1516 2447 1647 2481 captum
1663 2453 1731 2472 esse

1061 2485 1118 2513 sub
1138 2484 1234 2513 finem
1257 2484 1386 2513 aestatis
1407 2484 1475 2514 eius
1493 2484 1581 2520 anni,
1602 2494 1664 2523 quo
1682 2485 1729 2515 M.

1062 2525 1172 2555 Livius
1188 2530 1217 2555 et
1237 2526 1273 2556 L.
1291 2526 1449 2556 Aemilius
1471 2527 1616 2556 consules
1631 2527 1730 2557 fuere.

1062 2569 1168 2606 Atque
1189 2568 1234 2597 ita
1254 2568 1351 2598 habet
1370 2568 1535 2607 Polybius,
1551 2579 1570 2598 a
1586 2578 1648 2606 quo
1669 2569 1730 2598 hae

1061 2610 1093 2639 in
1118 2620 1151 2639 re
1176 2610 1353 2640 discessisse
1378 2610 1507 2640 Livium
1531 2610 1647 2639 mirum
1672 2614 1731 2647 est,

1062 2652 1115 2690 qui
1146 2662 1219 2681 eum
1247 2651 1298 2681 hie
1328 2652 1446 2691 passim
1476 2652 1542 2681 fere
1571 2651 1731 2682 exscribit.

1062 2695 1167 2725 Canv.

1106 2745 1122 2774 3
1150 2737 1359 2774 Trepidarent
1375 2735 1491 2773 magis]
1515 2734 1669 2765 Omnium
1684 2734 1731 2764 in-

1062 2777 1139 2806 certi
1171 2777 1348 2813 haererent,
1379 2776 1485 2814 potius
1511 2786 1607 2815 quam
1634 2777 1674 2807 de
1697 2786 1731 2806 re

1062 2819 1184 2857 agenda
1200 2818 1367 2849 consilium
1383 2817 1510 2850 inirent.
