1825 3173
158 1044 245 1076 Belli
263 1045 327 1074 Pu·
374 1032 531 1073 bellum
563 1031 743 1071 maxime
769 1045 956 1071 omnium
988 1028 1266 1076 memorabile,

559 384 637 444 T.

771 573 1112 625 LIBER

700 382 976 445 LIVII
1041 381 1560 446 PATAVJNI

1196 573 1359 625 XXI.

443 918 485 959 N
506 926 623 974 parte
645 917 781 972 operis
802 916 883 956 mei
904 915 1002 956 licet
1023 915 1125 955 mihi
1148 914 1334 970 praefari,
1353 914 1468 970 quod
1488 914 1532 955 in
1552 914 1759 971 principio

380 926 432 1025 Ι
482 990 666 1015 summae
690 974 815 1014 totius
842 973 1012 1028 professi
1032 972 1220 1027 plerique
1243 980 1340 1012 sunt
1366 987 1504 1012 rerum
1526 972 1757 1027 scriptoreS,
1776 993 1788 1014 1

1320 1044 1396 1068 uae
1427 1044 1613 1084 unquam
1644 1037 1761 1084 gesta

157 1088 220 1117 nici
232 1087 362 1117 secundi
375 1090 470 1138 sint,
512 1104 578 1129 me
620 1088 896 1142 scripturum3
940 1086 1065 1141 quod,
1100 1084 1338 1125 Hannibae
1379 1085 1499 1134 duee,
1539 1085 1761 1140 Carthagi-

158 1130 357 1169 magnitudo.

160 1672 328 1703 Hannibal

375 1147 540 1187 ilienses
561 1160 656 1185 CUm
681 1143 838 1199 populo
861 1143 1055 1183 Romano
1076 1157 1250 1196 gCSSCl'e.

1314 1141 1427 1182 Nam
1455 1157 1593 1197 neque
1615 1142 1761 1182 validi-

376 1218 466 1243 ores
494 1202 641 1257 opibus
673 1200 779 1240 ullae
811 1200 920 1239 inter
945 1214 986 1239 se
1018 1199 1204 1239 civitates
1231 1207 1461 1253 gentesque
1493 1198 1762 1240 contulerunt

375 1274 500 1307 arma,
529 1272 667 1312 neque
699 1257 763 1296 his
791 1256 889 1310 ipsis
921 1262 1084 1295 tantum
1116 1269 1301 1309 unquam
1323 1255 1473 1295 virium
1503 1264 1575 1295 aut
1603 1256 1761 1297 roboris

374 1316 475 1356 fuit:
510 1323 552 1355 et
567 1313 682 1354 haud
695 1313 857 1368 ignotas
877 1311 977 1352 belli
998 1320 1105 1351 artes
1126 1311 1236 1351 inter
1255 1326 1310 1360 se,
1329 1311 1402 1352 sed
1416 1320 1607 1366 expertas
1626 1312 1761 1367 primo

375 1372 539 1413 Punico
579 1369 853 1411 conserebant
890 1367 1023 1408 bello:

1077 1376 1119 1408 et
1159 1367 1264 1408 adeo
1305 1368 1416 1408 varia
1457 1368 1557 1409 belli
1596 1368 1762 1409 fortuna

376 1442 612 1484 ancepsque
655 1426 771 1466 Mars
802 1425 892 1473 fuit,
927 1433 974 1464 ut
1013 1425 1183 1479 propius
1217 1424 1450 1479 periculum
1483 1425 1650 1474 fuerint,
1688 1418 1792 1489 qui}

375 1486 577 1526 vicerunt.

643 1482 763 1524 Odiis
799 1482 924 1522 etiam
954 1496 1083 1536 prope
1125 1481 1348 1521 maioribus
1380 1489 1603 1530 certarunt,
1635 1497 1762 1537 quam

376 1543 552 1583 viribus:
588 1539 791 1581 Romanis
812 1538 1140 1593 indignantibus5
1156 1538 1270 1592 quod
1289 1537 1513 1578 victoribus
1534 1538 1633 1578 victi
1654 1538 1762 1579 ultro

377 1599 577 1640 inferrent
601 1612 739 1644 arma3
772 1595 939 1644 Poenis,
963 1595 1076 1650 quod
1107 1595 1283 1649 superbe
1312 1609 1517 1650 avareque
1545 1595 1795 1645 crederent4

377 1656 661 1712 imperitatum
699 1653 818 1693 victis
854 1667 952 1692 esse.

1029 1651 1156 1691 Fama
1196 1651 1320 1692 etiam
1361 1660 1434 1700 est,
1478 1651 1763 1693 Hannibalem

160 1716 268 1763 fidium
281 1716 363 1745 iurat
377 1727 582 1754 annorum
602 1712 730 1752 ferme
752 1724 915 1757 novem,
932 1708 1147 1763 pueriliter
1167 1708 1452 1749 blandientem
1468 1709 1577 1764 patri
1598 1708 1763 1749 Hamil·
1776 1720 1792 1752 5

160 1769 192 1788 ¹¹¹
211 1760 331 1789 Roma-
377 1771 472 1819 cari,
505 1778 551 1809 ut
581 1769 805 1808 duceretur
844 1766 888 1806 in
921 1765 1184 1820 Hispaniam,
1216 1780 1359 1820 quum,
1392 1765 1576 1820 perfecto
1616 1766 1795 1809 Afric-06

376 1827 499 1876 bello,
522 1825 752 1866 exercitum
778 1839 827 1863 eo
848 1823 1093 1862 traiecturus
1115 1822 1373 1871 sacrificaret,
1396 1822 1592 1863 altaribus
1619 1822 1763 1863 admo-

377 1893 480 1932 tum,
509 1882 627 1923 tactis
658 1881 780 1921 sacris
811 1879 1080 1919 iureiurando
1111 1879 1317 1929 adactum,
1340 1894 1395 1928 se,
1419 1894 1550 1934 quum
1580 1879 1764 1934 primum

160 1812 231 1838 nos..

376 1948 526 1996 posset,
558 1939 719 1980 hostem
750 1937 835 1977 fore
867 1936 1022 1992 populo
1055 1936 1259 1977 Romano.

427 2115 437 2135 1
464 2106 618 2144 Plerique
634 2127 641 2135 .
658 2127 665 2134 .
683 2127 690 2134 .
708 2127 715 2134 .
732 2113 837 2134 rerum
859 2101 1044 2141 scriptores]

382 2149 421 2178 In
433 2157 567 2186 quorum
580 2156 713 2176 numero
723 2145 949 2184 Thucydidem
962 2144 1048 2174 haud

382 2190 478 2220 dubie
494 2192 601 2219 noster
616 2187 776 2227 intelligit.
804 2187 979 2216 Mirizss‘rus.

424 2242 441 2261 2
465 2232 608 2270 Propius
628 2231 825 2269 periculum]
865 2228 918 2258 Ita
944 2229 1048 2267 legen-

381 2275 459 2304 dnm
482 2278 615 2303 monent
634 2272 774 2302 Gronov.
791 2275 821 2300 et
838 2270 957 2300 Muret.
973 2279 1049 2308 quo-

380 2326 451 2345 rum
466 2315 518 2345 hic
532 2315 625 2354 plura
640 2312 790 2352 exempla
807 2312 895 2349 citat,
910 2322 994 2350 supr.
1008 2312 1049 2341 iv.

386 2366 432 2397 17.
456 2357 526 2388 infr.
543 2367 616 2387 xxv.
638 2366 684 2386 11.
715 2356 753 2385 cf.
772 2354 828 2385 Sil.
847 2354 922 2384 Ital.
939 2353 958 2383 i.
980 2362 1025 2391 13.

426 2409 443 2438 3
468 2400 530 2436 Qui
546 2399 709 2434 vicerunt]
740 2397 786 2427 Ut
802 2396 917 2426 melius
931 2394 1049 2425 intelli-

381 2445 473 2480 gatur
490 2441 569 2470 haec
592 2439 761 2476 sententia,
777 2439 846 2477 lege
861 2448 899 2468 ea
914 2447 995 2476 quae
1011 2438 1050 2467 de

383 2483 545 2514 Cannensi
574 2482 665 2511 clade
695 2481 817 2511 disserit
840 2483 956 2515 noster,
978 2479 1049 2509 infr.

383 2526 458 2555 xxii.
490 2533 538 2563 54.
590 2523 758 2562 Propiores
792 2522 934 2560 periculo
962 2522 1051 2551 fuere

384 2571 455 2606 post
493 2568 694 2597 Cannensem
733 2565 856 2594 cladem
900 2563 1051 2599 Romani,

384 2618 479 2647 quam
509 2611 598 2637 erant
626 2606 727 2636 Poeni
754 2610 825 2644 post
854 2615 995 2644 pugnam
1019 2604 1051 2634 in

384 2650 503 2683 Africa,
519 2650 568 2678 cui
583 2648 748 2678 Hannibal
761 2647 938 2677 succubuit.
971 2647 1051 2677 Ideo

383 2701 504 2721 cessere
519 2689 807 2728 Carthaginienses,
819 2699 883 2718 non
896 2688 970 2727 quia
985 2699 1050 2718 ma-

382 2734 431 2763 ius
454 2733 632 2772 periculum
649 2735 727 2766 erat,
743 2732 797 2760 sed
814 2730 888 2769 quia
910 2730 971 2768 ipsi
994 2730 1050 2759 mi-

383 2785 474 2805 nores
489 2775 613 2804 animos
627 2782 758 2812 gessere.
782 2773 888 2803 Can.

423 2830 440 2855 4
457 2817 600 2856 Superbe
609 2815 785 2854 avareque]
801 2814 893 2845 Haec
904 2817 1049 2852 spectant

1323 1936 1552 1991 Angebant
1581 1936 1763 1992 ingentis
1778 1953 1794 1986 7

1093 2100 1264 2141 praecipue
1288 2102 1329 2132 ad
1353 2101 1544 2139 Sardiniam,
1562 2105 1598 2132 ut
1620 2112 1695 2132 mox
1717 2102 1761 2133 di-

1093 2147 1192 2180 cetur,
1208 2154 1227 2173 a
1243 2145 1401 2174 Romanis
1416 2144 1638 2183 interceptam.
1655 2145 1762 2176 CREv.

1093 2186 1132 2216 cf.
1150 2186 1265 2225 Polyb.
1281 2186 1324 2216 iii.
1343 2196 1370 2217 2.

1137 2235 1153 2265 5
1177 2229 1348 2257 Annorum
1356 2229 1462 2266 ferme
1477 2229 1604 2265 novem]
1631 2227 1684 2258 De
1699 2237 1763 2266 quo

1094 2269 1244 2299 Muretus
1270 2269 1347 2299 Var.
1370 2269 1460 2299 Lect.
1481 2279 1533 2299 xv.
1557 2279 1603 2307 14.
1637 2270 1658 2285 ‘⁶
1672 2270 1763 2300 Illud

1093 2314 1179 2340 recto
1192 2321 1229 2340 ac
1242 2321 1314 2340 vere
1325 2310 1448 2340 notavit
1460 2311 1652 2348 Glareanus,
1661 2311 1762 2341 mani-

1094 2353 1174 2382 festo
1182 2352 1309 2382 Livium
1320 2352 1379 2381 sibi
1390 2363 1542 2391 pugnare,
1552 2363 1624 2382 cum
1637 2353 1763 2383 Hanni·

1094 2395 1201 2424 balem
1222 2395 1353 2424 vixdum
1376 2396 1529 2433 puberem
1550 2395 1764 2425 Hasdrubalis

1094 2436 1194 2466 literis
1211 2437 1399 2466 accersitum
1422 2436 1540 2473 scribit,
1557 2447 1630 2467 cum
1653 2447 1693 2467 ex
1715 2437 1762 2477 ip-

1095 2478 1135 2508 sis
1156 2478 1240 2508 Livii
1265 2478 1365 2508 verbis
1387 2478 1563 2508 necessario
1586 2478 1764 2518 colligatur,

1097 2521 1316 2550 Hannibalem
1344 2530 1381 2550 eo
1405 2524 1549 2559 tempore
1575 2531 1676 2550 annos
1698 2531 1762 2551 non

1096 2562 1201 2592 mix-ius
1218 2562 1327 2601 viginti
1343 2566 1406 2592 tres
1420 2566 1532 2592 natum
1548 2562 1678 2593 fuisse.''

1138 2603 1157 2634 6
1179 2606 1293 2643 Africo
1318 2605 1411 2642 bello]
1452 2604 1551 2639 Quod
1574 2604 1763 2635 Hamilcare

1096 2646 1178 2676 duce
1201 2646 1479 2685 Carthaginienses
1505 2655 1578 2675 cum
1601 2656 1762 2676 mercena-

1095 2688 1148 2717 riis
1159 2688 1314 2718 militibus
1325 2689 1357 2717 in
1369 2687 1477 2717 Africa
1486 2691 1659 2726 gesserunt.
1687 2688 1763 2718 Hoc

1095 2730 1217 2759 bellum
1244 2729 1398 2769 Polybius
1425 2728 1573 2759 describit
1599 2730 1640 2759 ad
1665 2730 1762 2760 finem

1095 2771 1167 2801 libri
1181 2771 1200 2801 i.
1226 2772 1331 2802 CREV.

1140 2820 1155 2852 7
1179 2814 1365 2852 Anyebant]
1403 2813 1441 2845 cf.
1470 2813 1625 2852 Polybius
1649 2812 1693 2844 iii.
1715 2823 1761 2845 11.
