<?xml version="1.0" encoding="UTF-8"?>
<!DOCTYPE html PUBLIC "-//W3C//DTD XHTML 1.0 Transitional//EN"
    "http://www.w3.org/TR/xhtml1/DTD/xhtml1-transitional.dtd">
<html xmlns="http://www.w3.org/1999/xhtml" xml:lang="en" lang="en">
 <head>
  <title>
</title>
<meta http-equiv="Content-Type" content="text/html;charset=utf-8" />
  <meta name='ocr-system' content='tesseract 3.04.00' />
  <meta name='ocr-capabilities' content='ocr_page ocr_carea ocr_par ocr_line ocrx_word'/>
</head>
<body>
  <div class='ocr_page' id='page_1' title='image "./historiarumaburb02livyuoft_0513.png"; bbox 0 0 1871 3178; ppageno 0'>
   <div class='ocr_carea' id='block_1_1' title="bbox 314 275 1309 340">
    <p class='ocr_par' dir='ltr' id='par_1_1' title="bbox 314 275 1309 340">
     <span class='ocr_line' id='line_1_1' title="bbox 314 275 1309 340; baseline 0.001 -5"><span class='ocrx_word' id='word_1_1' title='bbox 314 275 391 335; x_wconf 83' lang='lat' dir='ltr'>T.</span> <span class='ocrx_word' id='word_1_2' title='bbox 458 275 723 338; x_wconf 90' lang='lat' dir='ltr'>LlVll</span> <span class='ocrx_word' id='word_1_3' title='bbox 802 277 1179 340; x_wconf 77' lang='lat' dir='ltr'><strong>PATAVI</strong></span> <span class='ocrx_word' id='word_1_4' title='bbox 1203 277 1309 337; x_wconf 91' lang='lat' dir='ltr'>Nl</span> 
     </span>
    </p>
   </div>
   <div class='ocr_carea' id='block_1_2' title="bbox 511 466 1108 519">
    <p class='ocr_par' dir='ltr' id='par_1_2' title="bbox 511 466 1108 519">
     <span class='ocr_line' id='line_1_2' title="bbox 511 466 1108 519; baseline 0.002 -1"><span class='ocrx_word' id='word_1_5' title='bbox 511 466 556 518; x_wconf 94' lang='lat' dir='ltr'>L</span> <span class='ocrx_word' id='word_1_6' title='bbox 588 467 609 518; x_wconf 94' lang='grc' dir='ltr'>Ι</span> <span class='ocrx_word' id='word_1_7' title='bbox 642 466 690 518; x_wconf 86' lang='grc' dir='ltr'>Β</span> <span class='ocrx_word' id='word_1_8' title='bbox 728 467 849 518; x_wconf 55' lang='lat'>11:11</span> <span class='ocrx_word' id='word_1_9' title='bbox 917 466 1108 519; x_wconf 89' lang='lat' dir='ltr'>XXX.</span> 
     </span>
    </p>
   </div>
   <div class='ocr_carea' id='block_1_3' title="bbox 174 799 1712 857">
    <p class='ocr_par' dir='ltr' id='par_1_3' title="bbox 174 799 1712 857">
     <span class='ocr_line' id='line_1_3' title="bbox 174 799 1712 857; baseline 0.002 -17.105"><span class='ocrx_word' id='word_1_10' title='bbox 174 799 279 845; x_wconf 64' lang='grc' dir='ltr'>ἺΝ.</span> <span class='ocrx_word' id='word_1_11' title='bbox 314 799 638 840; x_wconf 78' lang='lat' dir='ltr'>SERVILIUS</span> <span class='ocrx_word' id='word_1_12' title='bbox 672 799 903 840; x_wconf 82' lang='lat' dir='ltr'>CAEPIO</span> <span class='ocrx_word' id='word_1_13' title='bbox 931 808 973 840; x_wconf 88' lang='lat' dir='ltr'>et</span> <span class='ocrx_word' id='word_1_14' title='bbox 1004 800 1053 840; x_wconf 82' lang='lat' dir='ltr'>C.</span> <span class='ocrx_word' id='word_1_15' title='bbox 1076 799 1272 840; x_wconf 83' lang='lat' dir='ltr'>Servilius</span> <span class='ocrx_word' id='word_1_16' title='bbox 1301 800 1563 847; x_wconf 78' lang='lat' dir='ltr'>Geminusi</span> <span class='ocrx_word' id='word_1_17' title='bbox 1582 818 1618 847; x_wconf 71' lang='lat' dir='ltr'>t</span> <span class='ocrx_word' id='word_1_18' title='bbox 1643 827 1712 857; x_wconf 78' lang='lat'>549·</span> 
     </span>
    </p>
   </div>
   <div class='ocr_carea' id='block_1_4' title="bbox 89 856 1716 2047">
    <p class='ocr_par' dir='ltr' id='par_1_4' title="bbox 120 856 1716 1309">
     <span class='ocr_line' id='line_1_4' title="bbox 252 856 1712 913; baseline 0 -16"><span class='ocrx_word' id='word_1_19' title='bbox 252 857 453 905; x_wconf 83' lang='lat' dir='ltr'>consules,</span> <span class='ocrx_word' id='word_1_20' title='bbox 479 857 640 907; x_wconf 81' lang='lat' dir='ltr'>(sextus</span> <span class='ocrx_word' id='word_1_21' title='bbox 661 856 885 897; x_wconf 86' lang='lat' dir='ltr'>decimus</span> <span class='ocrx_word' id='word_1_22' title='bbox 877 872 909 897; x_wconf 85' lang='lat' dir='ltr'>is</span> <span class='ocrx_word' id='word_1_23' title='bbox 937 872 1070 897; x_wconf 88' lang='lat' dir='ltr'>annus</span> <span class='ocrx_word' id='word_1_24' title='bbox 1095 857 1192 897; x_wconf 89' lang='lat' dir='ltr'>belli</span> <span class='ocrx_word' id='word_1_25' title='bbox 1220 857 1369 899; x_wconf 90' lang='lat' dir='ltr'>Punici</span> <span class='ocrx_word' id='word_1_26' title='bbox 1398 859 1529 913; x_wconf 88' lang='lat' dir='ltr'>erat)</span> <span class='ocrx_word' id='word_1_27' title='bbox 1520 859 1557 889; x_wconf 75' lang='grc' dir='ltr'>Α·</span> <span class='ocrx_word' id='word_1_28' title='bbox 1580 860 1617 889; x_wconf 99' lang='lat' dir='ltr'>C</span> <span class='ocrx_word' id='word_1_29' title='bbox 1642 869 1712 897; x_wconf 75' lang='lat'>²03-</span> 
     </span>
     <span class='ocr_line' id='line_1_5' title="bbox 122 889 1716 969; baseline 0.003 -16"><span class='ocrx_word' id='word_1_30' title='bbox 122 927 251 968; x_wconf 90' lang='lat' dir='ltr'>quum</span> <span class='ocrx_word' id='word_1_31' title='bbox 274 913 326 954; x_wconf 88' lang='lat' dir='ltr'>de</span> <span class='ocrx_word' id='word_1_32' title='bbox 348 889 559 969; x_wconf 79' lang='lat' dir='ltr'>leptiblica</span> <span class='ocrx_word' id='word_1_33' title='bbox 584 913 777 968; x_wconf 87' lang='lat' dir='ltr'>belloque</span> <span class='ocrx_word' id='word_1_34' title='bbox 800 923 841 954; x_wconf 89' lang='lat' dir='ltr'>ct</span> <span class='ocrx_word' id='word_1_35' title='bbox 862 914 1117 968; x_wconf 83' lang='lat' dir='ltr'>provinciis</span> <span class='ocrx_word' id='word_1_36' title='bbox 1106 913 1158 953; x_wconf 82' lang='lat' dir='ltr'>id</span> <span class='ocrx_word' id='word_1_37' title='bbox 1181 923 1369 954; x_wconf 85' lang='lat' dir='ltr'>senatum</span> <span class='ocrx_word' id='word_1_38' title='bbox 1393 924 1544 957; x_wconf 70' lang='lat' dir='ltr'>ictu—p</span> <span class='ocrx_word' id='word_1_39' title='bbox 1549 927 1716 957; x_wconf 71' lang='lat' dir='ltr'>rovinciac.</span> 
     </span>
     <span class='ocr_line' id='line_1_6' title="bbox 121 969 1505 1026; baseline 0.001 -16"><span class='ocrx_word' id='word_1_40' title='bbox 121 969 276 1019; x_wconf 86' lang='lat' dir='ltr'>lissent,</span> <span class='ocrx_word' id='word_1_41' title='bbox 308 979 561 1011; x_wconf 88' lang='lat' dir='ltr'>censuerunt</span> <span class='ocrx_word' id='word_1_42' title='bbox 592 970 749 1018; x_wconf 82' lang='lat' dir='ltr'>Patres,</span> <span class='ocrx_word' id='word_1_43' title='bbox 780 978 826 1010; x_wconf 90' lang='lat' dir='ltr'>ut</span> <span class='ocrx_word' id='word_1_44' title='bbox 856 969 1046 1010; x_wconf 83' lang='lat' dir='ltr'>consules</span> <span class='ocrx_word' id='word_1_45' title='bbox 1079 970 1186 1010; x_wconf 89' lang='lat' dir='ltr'>inter</span> <span class='ocrx_word' id='word_1_46' title='bbox 1221 986 1262 1010; x_wconf 86' lang='lat' dir='ltr'>se</span> <span class='ocrx_word' id='word_1_47' title='bbox 1294 986 1505 1026; x_wconf 89' lang='lat' dir='ltr'>compara-</span> 
     </span>
     <span class='ocr_line' id='line_1_7' title="bbox 121 1026 1503 1077; baseline 0.001 -10"><span class='ocrx_word' id='word_1_48' title='bbox 121 1036 226 1076; x_wconf 85' lang='lat' dir='ltr'><strong>rent,</strong></span> <span class='ocrx_word' id='word_1_49' title='bbox 269 1027 578 1075; x_wconf 80' lang='lat' dir='ltr'>sortircnturve,</span> <span class='ocrx_word' id='word_1_50' title='bbox 615 1036 708 1067; x_wconf 91' lang='lat' dir='ltr'>uter</span> <span class='ocrx_word' id='word_1_51' title='bbox 744 1026 928 1067; x_wconf 86' lang='lat' dir='ltr'>Bruttios</span> <span class='ocrx_word' id='word_1_52' title='bbox 970 1026 1164 1066; x_wconf 80' lang='lat' dir='ltr'>adversus</span> <span class='ocrx_word' id='word_1_53' title='bbox 1207 1026 1503 1077; x_wconf 85' lang='lat' dir='ltr'>Hannibalem,</span> 
     </span>
     <span class='ocr_line' id='line_1_8' title="bbox 121 1083 1505 1139; baseline 0.001 -16"><span class='ocrx_word' id='word_1_54' title='bbox 121 1092 214 1123; x_wconf 90' lang='lat' dir='ltr'>uter</span> <span class='ocrx_word' id='word_1_55' title='bbox 237 1083 445 1124; x_wconf 83' lang='lat' dir='ltr'><strong>Etruriam</strong></span> <span class='ocrx_word' id='word_1_56' title='bbox 468 1099 514 1124; x_wconf 91' lang='lat' dir='ltr'>ac</span> <span class='ocrx_word' id='word_1_57' title='bbox 536 1084 714 1139; x_wconf 77' lang='lat' dir='ltr'>Ligures</span> <span class='ocrx_word' id='word_1_58' title='bbox 744 1083 999 1138; x_wconf 64' lang='lat' dir='ltr'>ploxinciam</span> <span class='ocrx_word' id='word_1_59' title='bbox 1026 1083 1207 1124; x_wconf 89' lang='lat' dir='ltr'>haberet.</span> <span class='ocrx_word' id='word_1_60' title='bbox 1273 1084 1356 1124; x_wconf 81' lang='lat' dir='ltr'>Cui</span> <span class='ocrx_word' id='word_1_61' title='bbox 1380 1084 1505 1125; x_wconf 86' lang='lat' dir='ltr'>Brut-</span> 
     </span>
     <span class='ocr_line' id='line_1_9' title="bbox 122 1140 1710 1204; baseline 0.003 -25"><span class='ocrx_word' id='word_1_62' title='bbox 122 1140 168 1180; x_wconf 90' lang='lat' dir='ltr'>tii</span> <span class='ocrx_word' id='word_1_63' title='bbox 186 1141 434 1189; x_wconf 82' lang='lat' dir='ltr'>evenissent,</span> <span class='ocrx_word' id='word_1_64' title='bbox 453 1141 682 1181; x_wconf 88' lang='lat' dir='ltr'>exercitum</span> <span class='ocrx_word' id='word_1_65' title='bbox 701 1156 723 1180; x_wconf 89' lang='lat' dir='ltr'>a</span> <span class='ocrx_word' id='word_1_66' title='bbox 741 1140 786 1180; x_wconf 93' lang='lat' dir='ltr'>P.</span> <span class='ocrx_word' id='word_1_67' title='bbox 803 1140 1049 1204; x_wconf 74' lang='lat' dir='ltr'>Sempronio</span> <span class='ocrx_word' id='word_1_68' title='bbox 1066 1140 1282 1195; x_wconf 71' lang='lat' dir='ltr'>acciperet.</span> <span class='ocrx_word' id='word_1_69' title='bbox 1326 1141 1372 1181; x_wconf 91' lang='lat' dir='ltr'>P.</span> <span class='ocrx_word' id='word_1_70' title='bbox 1388 1141 1543 1182; x_wconf 90' lang='lat' dir='ltr'>Sem-L</span> <span class='ocrx_word' id='word_1_71' title='bbox 1547 1153 1651 1183; x_wconf 81' lang='lat' dir='ltr'>ausP.</span> <span class='ocrx_word' id='word_1_72' title='bbox 1662 1153 1710 1183; x_wconf 87' lang='lat' dir='ltr'>Li-</span> 
     </span>
     <span class='ocr_line' id='line_1_10' title="bbox 120 1194 1600 1252; baseline 0.002 -16"><span class='ocrx_word' id='word_1_73' title='bbox 120 1197 292 1252; x_wconf 88' lang='lat' dir='ltr'>pronius</span> <span class='ocrx_word' id='word_1_74' title='bbox 323 1197 382 1252; x_wconf 90' lang='lat' dir='ltr'>(ei</span> <span class='ocrx_word' id='word_1_75' title='bbox 410 1213 578 1252; x_wconf 88' lang='lat' dir='ltr'>quoque</span> <span class='ocrx_word' id='word_1_76' title='bbox 609 1197 721 1238; x_wconf 90' lang='lat' dir='ltr'>enim</span> <span class='ocrx_word' id='word_1_77' title='bbox 752 1196 988 1252; x_wconf 69' lang='lat' dir='ltr'>proconsuli</span> <span class='ocrx_word' id='word_1_78' title='bbox 1020 1197 1240 1251; x_wconf 83' lang='lat' dir='ltr'>imperium</span> <span class='ocrx_word' id='word_1_79' title='bbox 1273 1198 1315 1237; x_wconf 90' lang='lat' dir='ltr'>in</span> <span class='ocrx_word' id='word_1_80' title='bbox 1347 1213 1504 1239; x_wconf 88' lang='lat' dir='ltr'>annum</span> <span class='ocrx_word' id='word_1_81' title='bbox 1517 1194 1600 1225; x_wconf 80' lang='lat' dir='ltr'>cinii.</span> 
     </span>
     <span class='ocr_line' id='line_1_11' title="bbox 120 1253 1505 1309; baseline 0.001 -15"><span class='ocrx_word' id='word_1_82' title='bbox 120 1254 439 1309; x_wconf 81' lang='lat' dir='ltr'>prorogabatui)</span> <span class='ocrx_word' id='word_1_83' title='bbox 461 1254 507 1294; x_wconf 89' lang='lat' dir='ltr'>P.</span> <span class='ocrx_word' id='word_1_84' title='bbox 525 1254 690 1294; x_wconf 90' lang='lat' dir='ltr'>Licinio</span> <span class='ocrx_word' id='word_1_85' title='bbox 712 1254 975 1294; x_wconf 80' lang='lat' dir='ltr'>succedeiet:</span> <span class='ocrx_word' id='word_1_86' title='bbox 1012 1253 1046 1293; x_wconf 93' lang='lat' dir='ltr'>is</span> <span class='ocrx_word' id='word_1_87' title='bbox 1069 1253 1248 1294; x_wconf 85' lang='lat' dir='ltr'>Romam</span> <span class='ocrx_word' id='word_1_88' title='bbox 1279 1269 1348 1294; x_wconf 82' lang='lat' dir='ltr'>rev</span> <span class='ocrx_word' id='word_1_89' title='bbox 1352 1264 1505 1296; x_wconf 89' lang='lat' dir='ltr'>ertcre-</span> 
     </span>
    </p>

    <p class='ocr_par' dir='ltr' id='par_1_5' title="bbox 92 1310 1506 1480">
     <span class='ocr_line' id='line_1_12' title="bbox 92 1310 1506 1366; baseline 0.002 -16"><span class='ocrx_word' id='word_1_90' title='bbox 92 1329 105 1350; x_wconf 92' lang='lat'>1</span> <span class='ocrx_word' id='word_1_91' title='bbox 122 1318 201 1359; x_wconf 88' lang='lat' dir='ltr'>tur,</span> <span class='ocrx_word' id='word_1_92' title='bbox 223 1310 332 1351; x_wconf 90' lang='lat' dir='ltr'>bello</span> <span class='ocrx_word' id='word_1_93' title='bbox 354 1326 522 1366; x_wconf 85' lang='lat' dir='ltr'>quoque</span> <span class='ocrx_word' id='word_1_94' title='bbox 545 1312 678 1351; x_wconf 88' lang='lat' dir='ltr'>bouus</span> <span class='ocrx_word' id='word_1_95' title='bbox 709 1310 873 1351; x_wconf 89' lang='lat' dir='ltr'>habitus</span> <span class='ocrx_word' id='word_1_96' title='bbox 895 1310 947 1350; x_wconf 88' lang='lat' dir='ltr'>ad</span> <span class='ocrx_word' id='word_1_97' title='bbox 968 1319 1116 1359; x_wconf 89' lang='lat' dir='ltr'>cetera,</span> <span class='ocrx_word' id='word_1_98' title='bbox 1140 1311 1291 1366; x_wconf 88' lang='lat' dir='ltr'>quibus</span> <span class='ocrx_word' id='word_1_99' title='bbox 1312 1326 1435 1352; x_wconf 90' lang='lat' dir='ltr'>nemo</span> <span class='ocrx_word' id='word_1_100' title='bbox 1457 1327 1506 1353; x_wconf 90' lang='lat' dir='ltr'>ea</span> 
     </span>
     <span class='ocr_line' id='line_1_13' title="bbox 121 1367 1505 1423; baseline 0.001 -15"><span class='ocrx_word' id='word_1_101' title='bbox 121 1375 368 1423; x_wconf 82' lang='lat' dir='ltr'>tempestate</span> <span class='ocrx_word' id='word_1_102' title='bbox 400 1368 638 1409; x_wconf 86' lang='lat' dir='ltr'>instructior</span> <span class='ocrx_word' id='word_1_103' title='bbox 667 1367 767 1408; x_wconf 84' lang='lat' dir='ltr'>civis</span> <span class='ocrx_word' id='word_1_104' title='bbox 799 1367 1040 1416; x_wconf 81' lang='lat' dir='ltr'>habebatur,</span> <span class='ocrx_word' id='word_1_105' title='bbox 1072 1368 1279 1422; x_wconf 78' lang='lat' dir='ltr'>congestis</span> <span class='ocrx_word' id='word_1_106' title='bbox 1312 1369 1505 1409; x_wconf 88' lang='lat' dir='ltr'>omnibus</span> 
     </span>
     <span class='ocr_line' id='line_1_14' title="bbox 120 1423 1504 1480; baseline 0.001 -16"><span class='ocrx_word' id='word_1_107' title='bbox 120 1423 314 1465; x_wconf 88' lang='lat' dir='ltr'>humanis</span> <span class='ocrx_word' id='word_1_108' title='bbox 335 1440 359 1465; x_wconf 92' lang='lat' dir='ltr'>a</span> <span class='ocrx_word' id='word_1_109' title='bbox 379 1433 528 1465; x_wconf 88' lang='lat' dir='ltr'>natura</span> <span class='ocrx_word' id='word_1_110' title='bbox 547 1425 796 1480; x_wconf 79' lang='lat' dir='ltr'>fortunaque</span> <span class='ocrx_word' id='word_1_111' title='bbox 818 1424 949 1465; x_wconf 89' lang='lat' dir='ltr'>bonis.</span> <span class='ocrx_word' id='word_1_112' title='bbox 1005 1423 1171 1465; x_wconf 86' lang='lat' dir='ltr'>Nobilis</span> <span class='ocrx_word' id='word_1_113' title='bbox 1192 1424 1303 1465; x_wconf 89' lang='lat' dir='ltr'>idem</span> <span class='ocrx_word' id='word_1_114' title='bbox 1326 1440 1372 1465; x_wconf 90' lang='lat' dir='ltr'>ac</span> <span class='ocrx_word' id='word_1_115' title='bbox 1389 1425 1504 1466; x_wconf 86' lang='lat' dir='ltr'>dives</span> 
     </span>
    </p>

    <p class='ocr_par' dir='ltr' id='par_1_6' title="bbox 91 1481 1504 1536">
     <span class='ocr_line' id='line_1_15' title="bbox 91 1481 1504 1536; baseline 0.001 -16"><span class='ocrx_word' id='word_1_116' title='bbox 91 1489 231 1521; x_wconf 84' lang='lat' dir='ltr'>2erat:</span> <span class='ocrx_word' id='word_1_117' title='bbox 264 1481 396 1522; x_wconf 89' lang='lat' dir='ltr'>forma</span> <span class='ocrx_word' id='word_1_118' title='bbox 410 1482 651 1536; x_wconf 87' lang='lat' dir='ltr'>viribusque</span> <span class='ocrx_word' id='word_1_119' title='bbox 673 1481 853 1536; x_wconf 88' lang='lat' dir='ltr'>corporis</span> <span class='ocrx_word' id='word_1_120' title='bbox 874 1481 1116 1522; x_wconf 80' lang='lat' dir='ltr'>excellebat.</span> <span class='ocrx_word' id='word_1_121' title='bbox 1167 1481 1504 1523; x_wconf 83' lang='lat' dir='ltr'>Facundissimus</span> 
     </span>
    </p>

    <p class='ocr_par' dir='ltr' id='par_1_7' title="bbox 90 1537 1504 1593">
     <span class='ocr_line' id='line_1_16' title="bbox 90 1537 1504 1593; baseline 0 -15"><span class='ocrx_word' id='word_1_122' title='bbox 90 1537 363 1588; x_wconf 83' lang='lat' dir='ltr'>3habebatur,</span> <span class='ocrx_word' id='word_1_123' title='bbox 394 1553 468 1579; x_wconf 90' lang='lat' dir='ltr'>seu</span> <span class='ocrx_word' id='word_1_124' title='bbox 498 1553 620 1579; x_wconf 86' lang='lat' dir='ltr'>causa</span> <span class='ocrx_word' id='word_1_125' title='bbox 649 1538 816 1586; x_wconf 86' lang='lat' dir='ltr'>oranda,</span> <span class='ocrx_word' id='word_1_126' title='bbox 849 1553 923 1578; x_wconf 89' lang='lat' dir='ltr'>seu</span> <span class='ocrx_word' id='word_1_127' title='bbox 953 1538 996 1578; x_wconf 92' lang='grc'>111</span> <span class='ocrx_word' id='word_1_128' title='bbox 1029 1546 1188 1587; x_wconf 87' lang='lat' dir='ltr'>senatu,</span> <span class='ocrx_word' id='word_1_129' title='bbox 1219 1538 1271 1578; x_wconf 89' lang='lat' dir='ltr'>ad</span> <span class='ocrx_word' id='word_1_130' title='bbox 1301 1538 1504 1593; x_wconf 89' lang='lat' dir='ltr'>populum</span> 
     </span>
    </p>

    <p class='ocr_par' dir='ltr' id='par_1_8' title="bbox 89 1594 1508 2047">
     <span class='ocr_line' id='line_1_17' title="bbox 89 1594 1504 1650; baseline 0.001 -16"><span class='ocrx_word' id='word_1_131' title='bbox 89 1594 324 1639; x_wconf 89' lang='lat' dir='ltr'>4suadendi</span> <span class='ocrx_word' id='word_1_132' title='bbox 355 1611 402 1636; x_wconf 89' lang='lat' dir='ltr'>ac</span> <span class='ocrx_word' id='word_1_133' title='bbox 433 1594 701 1636; x_wconf 85' lang='lat' dir='ltr'>dissuadendi</span> <span class='ocrx_word' id='word_1_134' title='bbox 731 1595 846 1635; x_wconf 90' lang='lat' dir='ltr'>locus</span> <span class='ocrx_word' id='word_1_135' title='bbox 877 1603 1004 1636; x_wconf 88' lang='lat' dir='ltr'>esset:</span> <span class='ocrx_word' id='word_1_136' title='bbox 1039 1595 1138 1635; x_wconf 89' lang='lat' dir='ltr'>iuris</span> <span class='ocrx_word' id='word_1_137' title='bbox 1166 1595 1370 1650; x_wconf 86' lang='lat' dir='ltr'>pontificii</span> <span class='ocrx_word' id='word_1_138' title='bbox 1394 1595 1504 1650; x_wconf 88' lang='lat' dir='ltr'>peri-</span> 
     </span>
     <span class='ocr_line' id='line_1_18' title="bbox 90 1651 1504 1707; baseline 0.001 -16"><span class='ocrx_word' id='word_1_139' title='bbox 90 1651 313 1697; x_wconf 83' lang='lat' dir='ltr'>5tissitnus.</span> <span class='ocrx_word' id='word_1_140' title='bbox 378 1652 512 1707; x_wconf 87' lang='lat' dir='ltr'>Super</span> <span class='ocrx_word' id='word_1_141' title='bbox 541 1652 656 1701; x_wconf 87' lang='lat' dir='ltr'>haec,</span> <span class='ocrx_word' id='word_1_142' title='bbox 688 1651 860 1692; x_wconf 87' lang='lat' dir='ltr'>bellicae</span> <span class='ocrx_word' id='word_1_143' title='bbox 891 1666 1059 1706; x_wconf 89' lang='lat' dir='ltr'>quoque</span> <span class='ocrx_word' id='word_1_144' title='bbox 1093 1651 1226 1692; x_wconf 91' lang='lat' dir='ltr'>laudis</span> <span class='ocrx_word' id='word_1_145' title='bbox 1267 1652 1504 1692; x_wconf 88' lang='lat' dir='ltr'>consulatus</span> 
     </span>
     <span class='ocr_line' id='line_1_19' title="bbox 121 1707 1504 1771; baseline 0 -22"><span class='ocrx_word' id='word_1_146' title='bbox 121 1717 355 1771; x_wconf 89' lang='lat' dir='ltr'>compotem</span> <span class='ocrx_word' id='word_1_147' title='bbox 388 1709 552 1750; x_wconf 83' lang='lat' dir='ltr'>fecerat.</span> <span class='ocrx_word' id='word_1_148' title='bbox 618 1708 746 1756; x_wconf 79' lang='lat' dir='ltr'>Quod</span> <span class='ocrx_word' id='word_1_149' title='bbox 776 1709 819 1748; x_wconf 91' lang='lat' dir='ltr'>in</span> <span class='ocrx_word' id='word_1_150' title='bbox 850 1707 1023 1748; x_wconf 88' lang='lat' dir='ltr'>Bruttiis</span> <span class='ocrx_word' id='word_1_151' title='bbox 1053 1708 1278 1763; x_wconf 85' lang='lat' dir='ltr'>provincia,</span> <span class='ocrx_word' id='word_1_152' title='bbox 1313 1708 1425 1749; x_wconf 91' lang='lat' dir='ltr'>idem</span> <span class='ocrx_word' id='word_1_153' title='bbox 1458 1709 1504 1749; x_wconf 92' lang='lat' dir='ltr'>in</span> 
     </span>
     <span class='ocr_line' id='line_1_20' title="bbox 122 1764 1505 1821; baseline 0 -15"><span class='ocrx_word' id='word_1_154' title='bbox 122 1765 290 1806; x_wconf 84' lang='lat' dir='ltr'>Etruria</span> <span class='ocrx_word' id='word_1_155' title='bbox 314 1780 361 1806; x_wconf 85' lang='lat' dir='ltr'>ac</span> <span class='ocrx_word' id='word_1_156' title='bbox 382 1765 608 1821; x_wconf 82' lang='lat' dir='ltr'>Liguribus</span> <span class='ocrx_word' id='word_1_157' title='bbox 638 1765 865 1806; x_wconf 90' lang='lat' dir='ltr'>decretum.</span> <span class='ocrx_word' id='word_1_158' title='bbox 929 1764 990 1805; x_wconf 87' lang='grc' dir='ltr'>Μ.</span> <span class='ocrx_word' id='word_1_159' title='bbox 1013 1764 1235 1806; x_wconf 88' lang='lat' dir='ltr'>Cornelius</span> <span class='ocrx_word' id='word_1_160' title='bbox 1265 1780 1373 1806; x_wconf 92' lang='lat' dir='ltr'>novo</span> <span class='ocrx_word' id='word_1_161' title='bbox 1404 1780 1505 1806; x_wconf 90' lang='lat' dir='ltr'>con-</span> 
     </span>
     <span class='ocr_line' id='line_1_21' title="bbox 121 1821 1505 1878; baseline 0.001 -16"><span class='ocrx_word' id='word_1_162' title='bbox 121 1821 200 1863; x_wconf 90' lang='lat' dir='ltr'>suli</span> <span class='ocrx_word' id='word_1_163' title='bbox 221 1822 382 1863; x_wconf 81' lang='lat' dir='ltr'>tradere</span> <span class='ocrx_word' id='word_1_164' title='bbox 400 1823 631 1864; x_wconf 88' lang='lat' dir='ltr'>exercitum</span> <span class='ocrx_word' id='word_1_165' title='bbox 652 1823 807 1863; x_wconf 86' lang='lat' dir='ltr'>iussus:</span> <span class='ocrx_word' id='word_1_166' title='bbox 837 1822 938 1877; x_wconf 81' lang='lat' dir='ltr'>ipse,</span> <span class='ocrx_word' id='word_1_167' title='bbox 957 1831 1176 1878; x_wconf 82' lang='lat' dir='ltr'>prorogato</span> <span class='ocrx_word' id='word_1_168' title='bbox 1197 1822 1384 1877; x_wconf 88' lang='lat' dir='ltr'>imperio,</span> <span class='ocrx_word' id='word_1_169' title='bbox 1403 1822 1505 1863; x_wconf 87' lang='lat' dir='ltr'>Gal-</span> 
     </span>
     <span class='ocr_line' id='line_1_22' title="bbox 121 1878 1508 1935; baseline 0.001 -16"><span class='ocrx_word' id='word_1_170' title='bbox 121 1878 220 1920; x_wconf 88' lang='lat' dir='ltr'>liam</span> <span class='ocrx_word' id='word_1_171' title='bbox 249 1880 505 1935; x_wconf 70' lang='lat' dir='ltr'>proxinciam</span> <span class='ocrx_word' id='word_1_172' title='bbox 527 1880 714 1920; x_wconf 89' lang='lat' dir='ltr'>obtinere</span> <span class='ocrx_word' id='word_1_173' title='bbox 737 1894 832 1920; x_wconf 91' lang='lat' dir='ltr'>cum</span> <span class='ocrx_word' id='word_1_174' title='bbox 864 1879 1096 1933; x_wconf 83' lang='lat' dir='ltr'>legionibus</span> <span class='ocrx_word' id='word_1_175' title='bbox 1126 1879 1187 1928; x_wconf 82' lang='lat' dir='ltr'>iis,</span> <span class='ocrx_word' id='word_1_176' title='bbox 1210 1895 1312 1934; x_wconf 84' lang='lat' dir='ltr'>quas</span> <span class='ocrx_word' id='word_1_177' title='bbox 1342 1888 1508 1934; x_wconf 88' lang='lat' dir='ltr'>praetor</span> 
     </span>
     <span class='ocr_line' id='line_1_23' title="bbox 122 1934 1507 2001; baseline 0.001 -25"><span class='ocrx_word' id='word_1_178' title='bbox 122 1935 171 1976; x_wconf 94' lang='lat' dir='ltr'>L.</span> <span class='ocrx_word' id='word_1_179' title='bbox 196 1935 435 1977; x_wconf 87' lang='lat' dir='ltr'>Scribonius</span> <span class='ocrx_word' id='word_1_180' title='bbox 464 1936 599 1991; x_wconf 79' lang='lat' dir='ltr'>pliore</span> <span class='ocrx_word' id='word_1_181' title='bbox 631 1950 741 1976; x_wconf 84' lang='lat' dir='ltr'>anno</span> <span class='ocrx_word' id='word_1_182' title='bbox 769 1935 990 1975; x_wconf 87' lang='lat' dir='ltr'>habuisset.</span> <span class='ocrx_word' id='word_1_183' title='bbox 1057 1934 1199 1975; x_wconf 89' lang='lat' dir='ltr'>Sortiti</span> <span class='ocrx_word' id='word_1_184' title='bbox 1231 1936 1384 1976; x_wconf 89' lang='lat' dir='ltr'>deinde</span> <span class='ocrx_word' id='word_1_185' title='bbox 1410 1951 1507 2001; x_wconf 77' lang='lat' dir='ltr'>pro-</span> 
     </span>
     <span class='ocr_line' id='line_1_24' title="bbox 120 1990 1501 2047; baseline 0 -15"><span class='ocrx_word' id='word_1_186' title='bbox 120 1992 302 2033; x_wconf 85' lang='lat' dir='ltr'>vincias:</span> <span class='ocrx_word' id='word_1_187' title='bbox 339 1992 546 2047; x_wconf 84' lang='lat' dir='ltr'>Caepioni</span> <span class='ocrx_word' id='word_1_188' title='bbox 568 1991 734 2040; x_wconf 81' lang='lat' dir='ltr'>Bruttii,</span> <span class='ocrx_word' id='word_1_189' title='bbox 756 1990 929 2031; x_wconf 89' lang='lat' dir='ltr'>Servilio</span> <span class='ocrx_word' id='word_1_190' title='bbox 954 1991 1138 2031; x_wconf 89' lang='lat' dir='ltr'>Gemino</span> <span class='ocrx_word' id='word_1_191' title='bbox 1161 1991 1332 2032; x_wconf 85' lang='lat' dir='ltr'>Etruria</span> <span class='ocrx_word' id='word_1_192' title='bbox 1352 2007 1400 2032; x_wconf 86' lang='lat' dir='ltr'>ev</span> <span class='ocrx_word' id='word_1_193' title='bbox 1403 1993 1501 2033; x_wconf 91' lang='lat' dir='ltr'>enit.</span> 
     </span>
    </p>
   </div>
   <div class='ocr_carea' id='block_1_5' title="bbox 124 2119 792 2192">
    <p class='ocr_par' dir='ltr' id='par_1_9' title="bbox 124 2119 792 2192">
     <span class='ocr_line' id='line_1_25' title="bbox 170 2119 792 2157; baseline -0.003 -8"><span class='ocrx_word' id='word_1_194' title='bbox 170 2129 180 2149; x_wconf 94' lang='lat'>1</span> <span class='ocrx_word' id='word_1_195' title='bbox 207 2121 262 2149; x_wconf 78' lang='lat' dir='ltr'>Ad</span> <span class='ocrx_word' id='word_1_196' title='bbox 280 2120 401 2157; x_wconf 78' lang='lat' dir='ltr'>cetera]</span> <span class='ocrx_word' id='word_1_197' title='bbox 432 2119 564 2149; x_wconf 84' lang='lat' dir='ltr'>Praeter</span> <span class='ocrx_word' id='word_1_198' title='bbox 584 2122 705 2150; x_wconf 83' lang='lat' dir='ltr'>ceteras</span> <span class='ocrx_word' id='word_1_199' title='bbox 726 2120 792 2148; x_wconf 87' lang='lat' dir='ltr'>lau—</span> 
     </span>
     <span class='ocr_line' id='line_1_26' title="bbox 124 2162 570 2192; baseline -0.002 0"><span class='ocrx_word' id='word_1_200' title='bbox 124 2163 180 2192; x_wconf 85' lang='lat' dir='ltr'>des</span> <span class='ocrx_word' id='word_1_201' title='bbox 196 2165 227 2191; x_wconf 83' lang='lat' dir='ltr'>et</span> <span class='ocrx_word' id='word_1_202' title='bbox 243 2164 440 2191; x_wconf 83' lang='lat' dir='ltr'>ornamenta.</span> <span class='ocrx_word' id='word_1_203' title='bbox 465 2162 570 2192; x_wconf 78' lang='lat' dir='ltr'>CREv.</span> 
     </span>
    </p>
   </div>
   <div class='ocr_carea' id='block_1_6' title="bbox 838 2119 1504 2191">
    <p class='ocr_par' dir='ltr' id='par_1_10' title="bbox 838 2119 1504 2191">
     <span class='ocr_line' id='line_1_27' title="bbox 838 2119 1504 2160; baseline 0.005 -12"><span class='ocrx_word' id='word_1_204' title='bbox 838 2120 988 2149; x_wconf 84' lang='lat' dir='ltr'>laudatur</span> <span class='ocrx_word' id='word_1_205' title='bbox 1002 2119 1034 2149; x_wconf 90' lang='lat' dir='ltr'>in</span> <span class='ocrx_word' id='word_1_206' title='bbox 1051 2129 1088 2150; x_wconf 91' lang='lat' dir='ltr'>eo</span> <span class='ocrx_word' id='word_1_207' title='bbox 1108 2119 1222 2158; x_wconf 85' lang='lat' dir='ltr'>peritia</span> <span class='ocrx_word' id='word_1_208' title='bbox 1241 2120 1318 2150; x_wconf 83' lang='lat' dir='ltr'>iuris</span> <span class='ocrx_word' id='word_1_209' title='bbox 1337 2119 1504 2160; x_wconf 84' lang='lat' dir='ltr'>pontificii.</span> 
     </span>
     <span class='ocr_line' id='line_1_28' title="bbox 838 2162 944 2191; baseline 0 0"><span class='ocrx_word' id='word_1_210' title='bbox 838 2162 944 2191; x_wconf 71' lang='lat' dir='ltr'>CREV.</span> 
     </span>
    </p>
   </div>
   <div class='ocr_carea' id='block_1_7' title="bbox 124 2202 794 2823">
    <p class='ocr_par' dir='ltr' id='par_1_11' title="bbox 124 2202 794 2444">
     <span class='ocr_line' id='line_1_29' title="bbox 168 2202 791 2240; baseline -0.002 -7"><span class='ocrx_word' id='word_1_211' title='bbox 168 2213 184 2233; x_wconf 81' lang='lat'><strong>2</strong></span> <span class='ocrx_word' id='word_1_212' title='bbox 208 2205 472 2233; x_wconf 77' lang='lat' dir='ltr'>Facumlissimas</span> <span class='ocrx_word' id='word_1_213' title='bbox 497 2203 690 2240; x_wconf 77' lang='lat' dir='ltr'>habebatur]</span> <span class='ocrx_word' id='word_1_214' title='bbox 729 2202 791 2232; x_wconf 88' lang='lat' dir='ltr'>Mi-</span> 
     </span>
     <span class='ocr_line' id='line_1_30' title="bbox 124 2245 791 2284; baseline 0 -9"><span class='ocrx_word' id='word_1_215' title='bbox 124 2256 193 2275; x_wconf 89' lang='lat' dir='ltr'>rum</span> <span class='ocrx_word' id='word_1_216' title='bbox 219 2245 360 2284; x_wconf 81' lang='lat' dir='ltr'>quidem‚</span> <span class='ocrx_word' id='word_1_217' title='bbox 384 2245 469 2283; x_wconf 86' lang='lat' dir='ltr'>quod</span> <span class='ocrx_word' id='word_1_218' title='bbox 494 2245 607 2275; x_wconf 75' lang='lat' dir='ltr'>Cicero</span> <span class='ocrx_word' id='word_1_219' title='bbox 634 2245 729 2274; x_wconf 88' lang='lat' dir='ltr'>huius</span> <span class='ocrx_word' id='word_1_220' title='bbox 756 2245 791 2275; x_wconf 91' lang='lat' dir='ltr'>P.</span> 
     </span>
     <span class='ocr_line' id='line_1_31' title="bbox 126 2286 793 2324; baseline -0.003 -7"><span class='ocrx_word' id='word_1_221' title='bbox 126 2287 253 2324; x_wconf 77' lang='lat' dir='ltr'>Licinii,</span> <span class='ocrx_word' id='word_1_222' title='bbox 279 2288 368 2317; x_wconf 90' lang='lat' dir='ltr'>cuius</span> <span class='ocrx_word' id='word_1_223' title='bbox 392 2291 459 2316; x_wconf 86' lang='lat' dir='ltr'>tam</span> <span class='ocrx_word' id='word_1_224' title='bbox 484 2287 658 2316; x_wconf 77' lang='lat' dir='ltr'>honorifice</span> <span class='ocrx_word' id='word_1_225' title='bbox 684 2286 793 2316; x_wconf 79' lang='lat' dir='ltr'>Livius</span> 
     </span>
     <span class='ocr_line' id='line_1_32' title="bbox 125 2328 793 2367; baseline -0.001 -8"><span class='ocrx_word' id='word_1_226' title='bbox 125 2329 283 2367; x_wconf 82' lang='lat' dir='ltr'>meminit,</span> <span class='ocrx_word' id='word_1_227' title='bbox 313 2329 436 2359; x_wconf 85' lang='lat' dir='ltr'>nullam</span> <span class='ocrx_word' id='word_1_228' title='bbox 461 2328 658 2358; x_wconf 84' lang='lat' dir='ltr'>mentionem</span> <span class='ocrx_word' id='word_1_229' title='bbox 683 2329 793 2358; x_wconf 84' lang='lat' dir='ltr'>fecerit</span> 
     </span>
     <span class='ocr_line' id='line_1_33' title="bbox 124 2370 794 2409; baseline 0 -8"><span class='ocrx_word' id='word_1_230' title='bbox 124 2372 157 2401; x_wconf 92' lang='lat' dir='ltr'>in</span> <span class='ocrx_word' id='word_1_231' title='bbox 184 2372 264 2401; x_wconf 85' lang='lat' dir='ltr'>libro</span> <span class='ocrx_word' id='word_1_232' title='bbox 291 2371 344 2409; x_wconf 90' lang='lat' dir='ltr'>qui</span> <span class='ocrx_word' id='word_1_233' title='bbox 365 2370 545 2400; x_wconf 81' lang='lat' dir='ltr'>inscribitur</span> <span class='ocrx_word' id='word_1_234' title='bbox 567 2372 702 2407; x_wconf 75' lang='lat' dir='ltr'>Brutus,</span> <span class='ocrx_word' id='word_1_235' title='bbox 729 2371 794 2401; x_wconf 79' lang='lat' dir='ltr'>sive</span> 
     </span>
     <span class='ocr_line' id='line_1_34' title="bbox 125 2413 640 2444; baseline -0.006 0"><span class='ocrx_word' id='word_1_236' title='bbox 125 2415 176 2444; x_wconf 79' lang='lat' dir='ltr'>De</span> <span class='ocrx_word' id='word_1_237' title='bbox 191 2415 288 2444; x_wconf 81' lang='lat' dir='ltr'>claris</span> <span class='ocrx_word' id='word_1_238' title='bbox 304 2414 501 2443; x_wconf 74' lang='lat' dir='ltr'>Oratoribus.</span> <span class='ocrx_word' id='word_1_239' title='bbox 527 2413 640 2442; x_wconf 68' lang='lat' dir='ltr'>DRAK.</span> 
     </span>
    </p>

    <p class='ocr_par' dir='ltr' id='par_1_12' title="bbox 125 2453 794 2744">
     <span class='ocr_line' id='line_1_35' title="bbox 169 2453 793 2494; baseline -0.003 -8"><span class='ocrx_word' id='word_1_240' title='bbox 169 2465 186 2494; x_wconf 81' lang='lat'>3</span> <span class='ocrx_word' id='word_1_241' title='bbox 210 2457 273 2486; x_wconf 76' lang='lat' dir='ltr'>Sea</span> <span class='ocrx_word' id='word_1_242' title='bbox 287 2457 319 2485; x_wconf 78' lang='lat' dir='ltr'>in</span> <span class='ocrx_word' id='word_1_243' title='bbox 332 2460 459 2491; x_wconf 80' lang='lat' dir='ltr'>senata,</span> <span class='ocrx_word' id='word_1_244' title='bbox 471 2456 513 2484; x_wconf 84' lang='lat' dir='ltr'>ad</span> <span class='ocrx_word' id='word_1_245' title='bbox 524 2453 697 2493; x_wconf 76' lang='lat' dir='ltr'>populum]</span> <span class='ocrx_word' id='word_1_246' title='bbox 719 2454 793 2484; x_wconf 85' lang='lat' dir='ltr'>Ele-</span> 
     </span>
     <span class='ocr_line' id='line_1_36' title="bbox 125 2496 793 2537; baseline -0.004 -9"><span class='ocrx_word' id='word_1_247' title='bbox 125 2508 203 2537; x_wconf 83' lang='lat' dir='ltr'>gans</span> <span class='ocrx_word' id='word_1_248' title='bbox 232 2498 420 2536; x_wconf 74' lang='lat' dir='ltr'>asyndeton,</span> <span class='ocrx_word' id='word_1_249' title='bbox 447 2497 531 2534; x_wconf 83' lang='lat' dir='ltr'>quod</span> <span class='ocrx_word' id='word_1_250' title='bbox 563 2501 693 2526; x_wconf 89' lang='lat' dir='ltr'>tuentur</span> <span class='ocrx_word' id='word_1_251' title='bbox 723 2496 793 2526; x_wconf 86' lang='lat' dir='ltr'>libri</span> 
     </span>
     <span class='ocr_line' id='line_1_37' title="bbox 127 2538 794 2577; baseline -0.001 -8"><span class='ocrx_word' id='word_1_252' title='bbox 127 2540 224 2570; x_wconf 83' lang='lat' dir='ltr'>nostri</span> <span class='ocrx_word' id='word_1_253' title='bbox 236 2550 308 2569; x_wconf 81' lang='lat' dir='ltr'>cuni</span> <span class='ocrx_word' id='word_1_254' title='bbox 321 2538 533 2569; x_wconf 80' lang='lat' dir='ltr'>Gronovianis</span> <span class='ocrx_word' id='word_1_255' title='bbox 543 2538 682 2577; x_wconf 85' lang='lat' dir='ltr'>optimis.</span> <span class='ocrx_word' id='word_1_256' title='bbox 705 2538 794 2568; x_wconf 85' lang='lat' dir='ltr'>Male</span> 
     </span>
     <span class='ocr_line' id='line_1_38' title="bbox 126 2580 793 2620; baseline -0.001 -8"><span class='ocrx_word' id='word_1_257' title='bbox 126 2582 244 2615; x_wconf 86' lang='lat' dir='ltr'>inserta</span> <span class='ocrx_word' id='word_1_258' title='bbox 259 2582 363 2611; x_wconf 84' lang='lat' dir='ltr'>fuerat</span> <span class='ocrx_word' id='word_1_259' title='bbox 382 2580 539 2620; x_wconf 85' lang='lat' dir='ltr'>particula</span> <span class='ocrx_word' id='word_1_260' title='bbox 555 2585 585 2611; x_wconf 81' lang='lat' dir='ltr'>et</span> <span class='ocrx_word' id='word_1_261' title='bbox 600 2580 632 2609; x_wconf 89' lang='lat' dir='ltr'>in</span> <span class='ocrx_word' id='word_1_262' title='bbox 649 2580 793 2619; x_wconf 66' lang='lat' dir='ltr'>vulgatis</span> 
     </span>
     <span class='ocr_line' id='line_1_39' title="bbox 128 2623 794 2662; baseline -0.005 -7"><span class='ocrx_word' id='word_1_263' title='bbox 128 2625 234 2655; x_wconf 72' lang='lat' dir='ltr'>szv.</span> <span class='ocrx_word' id='word_1_264' title='bbox 280 2623 441 2662; x_wconf 86' lang='lat' dir='ltr'>Equidem</span> <span class='ocrx_word' id='word_1_265' title='bbox 466 2623 589 2659; x_wconf 77' lang='lat' dir='ltr'>malim,</span> <span class='ocrx_word' id='word_1_266' title='bbox 613 2633 669 2653; x_wconf 79' lang='lat' dir='ltr'>sea</span> <span class='ocrx_word' id='word_1_267' title='bbox 696 2633 794 2653; x_wconf 81' lang='lat' dir='ltr'>caasa</span> 
     </span>
     <span class='ocr_line' id='line_1_40' title="bbox 127 2666 792 2705; baseline -0.005 -8"><span class='ocrx_word' id='word_1_268' title='bbox 127 2667 250 2697; x_wconf 78' lang='lat' dir='ltr'>oranda</span> <span class='ocrx_word' id='word_1_269' title='bbox 276 2667 319 2695; x_wconf 85' lang='lat' dir='ltr'>ad</span> <span class='ocrx_word' id='word_1_270' title='bbox 344 2666 510 2705; x_wconf 77' lang='lat' dir='ltr'>populum,</span> <span class='ocrx_word' id='word_1_271' title='bbox 535 2676 592 2696; x_wconf 76' lang='lat' dir='ltr'>scu.</span> <span class='ocrx_word' id='word_1_272' title='bbox 619 2666 655 2694; x_wconf 80' lang='lat' dir='ltr'>in</span> <span class='ocrx_word' id='word_1_273' title='bbox 677 2669 792 2695; x_wconf 81' lang='lat' dir='ltr'>senata</span> 
     </span>
     <span class='ocr_line' id='line_1_41' title="bbox 127 2709 370 2744; baseline -0.008 -5"><span class='ocrx_word' id='word_1_274' title='bbox 127 2709 295 2744; x_wconf 76' lang='lat' dir='ltr'>suadendi,</span> <span class='ocrx_word' id='word_1_275' title='bbox 311 2709 370 2738; x_wconf 62' lang='grc' dir='ltr'>ἃς.</span> 
     </span>
    </p>

    <p class='ocr_par' dir='ltr' id='par_1_13' title="bbox 128 2747 794 2823">
     <span class='ocr_line' id='line_1_42' title="bbox 171 2747 794 2789; baseline -0.002 -9"><span class='ocrx_word' id='word_1_276' title='bbox 171 2762 189 2788; x_wconf 79' lang='lat'>4</span> <span class='ocrx_word' id='word_1_277' title='bbox 206 2747 692 2789; x_wconf 72' lang='lat' dir='ltr'>Iurispontificiiperitissitzzus]</span> <span class='ocrx_word' id='word_1_278' title='bbox 711 2749 794 2779; x_wconf 89' lang='lat' dir='ltr'>Pon-</span> 
     </span>
     <span class='ocr_line' id='line_1_43' title="bbox 128 2791 794 2823; baseline -0.002 -1"><span class='ocrx_word' id='word_1_279' title='bbox 128 2792 206 2823; x_wconf 73' lang='lat' dir='ltr'>tifex</span> <span class='ocrx_word' id='word_1_280' title='bbox 222 2791 380 2822; x_wconf 76' lang='lat' dir='ltr'>maximus</span> <span class='ocrx_word' id='word_1_281' title='bbox 398 2792 433 2822; x_wconf 90' lang='lat' dir='ltr'>P.</span> <span class='ocrx_word' id='word_1_282' title='bbox 447 2791 589 2821; x_wconf 86' lang='lat' dir='ltr'>Licinius</span> <span class='ocrx_word' id='word_1_283' title='bbox 604 2794 680 2822; x_wconf 82' lang='lat' dir='ltr'>erat.</span> <span class='ocrx_word' id='word_1_284' title='bbox 716 2792 794 2822; x_wconf 88' lang='lat' dir='ltr'>Ideo</span> 
     </span>
    </p>
   </div>
   <div class='ocr_carea' id='block_1_8' title="bbox 837 2204 1509 2831">
    <p class='ocr_par' dir='ltr' id='par_1_14' title="bbox 837 2204 1509 2831">
     <span class='ocr_line' id='line_1_44' title="bbox 880 2204 1504 2244; baseline 0.003 -11"><span class='ocrx_word' id='word_1_285' title='bbox 880 2212 896 2242; x_wconf 83' lang='lat'>5</span> <span class='ocrx_word' id='word_1_286' title='bbox 922 2204 1060 2234; x_wconf 80' lang='lat' dir='ltr'>Bellicae</span> <span class='ocrx_word' id='word_1_287' title='bbox 1097 2214 1220 2244; x_wconf 75' lang='lat' dir='ltr'>quoque</span> <span class='ocrx_word' id='word_1_288' title='bbox 1256 2205 1362 2234; x_wconf 80' lang='lat' dir='ltr'>laudis</span> <span class='ocrx_word' id='word_1_289' title='bbox 1395 2216 1504 2235; x_wconf 81' lang='lat' dir='ltr'>consa-</span> 
     </span>
     <span class='ocr_line' id='line_1_45' title="bbox 837 2246 1505 2285; baseline 0.004 -11"><span class='ocrx_word' id='word_1_290' title='bbox 837 2246 922 2275; x_wconf 79' lang='lat' dir='ltr'>latns</span> <span class='ocrx_word' id='word_1_291' title='bbox 955 2251 1120 2285; x_wconf 77' lang='lat' dir='ltr'>compotem</span> <span class='ocrx_word' id='word_1_292' title='bbox 1149 2247 1292 2284; x_wconf 80' lang='lat' dir='ltr'>fecerat]</span> <span class='ocrx_word' id='word_1_293' title='bbox 1335 2247 1428 2277; x_wconf 85' lang='lat' dir='ltr'>Haec</span> <span class='ocrx_word' id='word_1_294' title='bbox 1458 2252 1505 2277; x_wconf 89' lang='lat' dir='ltr'>est</span> 
     </span>
     <span class='ocr_line' id='line_1_46' title="bbox 838 2287 1504 2327; baseline 0.003 -11"><span class='ocrx_word' id='word_1_295' title='bbox 838 2287 932 2317; x_wconf 87' lang='lat' dir='ltr'>lectio</span> <span class='ocrx_word' id='word_1_296' title='bbox 960 2292 1102 2318; x_wconf 77' lang='lat' dir='ltr'>veterum</span> <span class='ocrx_word' id='word_1_297' title='bbox 1128 2288 1285 2317; x_wconf 82' lang='lat' dir='ltr'>editorum</span> <span class='ocrx_word' id='word_1_298' title='bbox 1311 2292 1343 2318; x_wconf 89' lang='lat' dir='ltr'>et</span> <span class='ocrx_word' id='word_1_299' title='bbox 1373 2289 1504 2327; x_wconf 84' lang='lat' dir='ltr'>scripto-</span> 
     </span>
     <span class='ocr_line' id='line_1_47' title="bbox 838 2330 1506 2361; baseline 0.004 -3"><span class='ocrx_word' id='word_1_300' title='bbox 838 2339 906 2358; x_wconf 88' lang='lat' dir='ltr'>rum</span> <span class='ocrx_word' id='word_1_301' title='bbox 923 2330 988 2359; x_wconf 85' lang='lat' dir='ltr'>fere</span> <span class='ocrx_word' id='word_1_302' title='bbox 1004 2330 1158 2359; x_wconf 89' lang='lat' dir='ltr'>omnium.</span> <span class='ocrx_word' id='word_1_303' title='bbox 1202 2330 1358 2360; x_wconf 84' lang='lat' dir='ltr'>Gruterus</span> <span class='ocrx_word' id='word_1_304' title='bbox 1374 2332 1506 2361; x_wconf 83' lang='lat' dir='ltr'>dederat</span> 
     </span>
     <span class='ocr_line' id='line_1_48' title="bbox 839 2372 1505 2412; baseline 0.006 -12"><span class='ocrx_word' id='word_1_305' title='bbox 839 2372 977 2402; x_wconf 74' lang='lat' dir='ltr'>Bellicae</span> <span class='ocrx_word' id='word_1_306' title='bbox 1012 2383 1134 2412; x_wconf 78' lang='lat' dir='ltr'>qaoque</span> <span class='ocrx_word' id='word_1_307' title='bbox 1170 2373 1280 2402; x_wconf 70' lang='lat' dir='ltr'>laudes</span> <span class='ocrx_word' id='word_1_308' title='bbox 1321 2374 1505 2404; x_wconf 74' lang='lat' dir='ltr'>consulatus</span> 
     </span>
     <span class='ocr_line' id='line_1_49' title="bbox 838 2413 1506 2452; baseline 0.001 -8"><span class='ocrx_word' id='word_1_309' title='bbox 838 2419 1004 2452; x_wconf 80' lang='lat' dir='ltr'>compotem</span> <span class='ocrx_word' id='word_1_310' title='bbox 1027 2415 1200 2451; x_wconf 78' lang='lat' dir='ltr'>fecerant:</span> <span class='ocrx_word' id='word_1_311' title='bbox 1237 2413 1329 2452; x_wconf 81' lang='lat' dir='ltr'>eique</span> <span class='ocrx_word' id='word_1_312' title='bbox 1363 2415 1506 2445; x_wconf 87' lang='lat' dir='ltr'>obsecuti</span> 
     </span>
     <span class='ocr_line' id='line_1_50' title="bbox 838 2456 1508 2487; baseline 0.004 -3"><span class='ocrx_word' id='word_1_313' title='bbox 838 2456 963 2485; x_wconf 83' lang='lat' dir='ltr'>fuerant</span> <span class='ocrx_word' id='word_1_314' title='bbox 1001 2456 1145 2485; x_wconf 74' lang='lat' dir='ltr'>editores.</span> <span class='ocrx_word' id='word_1_315' title='bbox 1210 2456 1358 2486; x_wconf 79' lang='lat' dir='ltr'>Profecto</span> <span class='ocrx_word' id='word_1_316' title='bbox 1396 2462 1508 2487; x_wconf 82' lang='lat' dir='ltr'>contra</span> 
     </span>
     <span class='ocr_line' id='line_1_51' title="bbox 840 2497 1506 2529; baseline 0.005 -3"><span class='ocrx_word' id='word_1_317' title='bbox 840 2497 921 2526; x_wconf 69' lang='lat' dir='ltr'>Livii</span> <span class='ocrx_word' id='word_1_318' title='bbox 945 2502 1096 2527; x_wconf 79' lang='lat' dir='ltr'>mentem.</span> <span class='ocrx_word' id='word_1_319' title='bbox 1143 2498 1236 2527; x_wconf 79' lang='lat' dir='ltr'>Nihil</span> <span class='ocrx_word' id='word_1_320' title='bbox 1263 2498 1349 2528; x_wconf 88' lang='lat' dir='ltr'>enim</span> <span class='ocrx_word' id='word_1_321' title='bbox 1376 2499 1506 2529; x_wconf 88' lang='lat' dir='ltr'>omnino</span> 
     </span>
     <span class='ocr_line' id='line_1_52' title="bbox 838 2540 1506 2571; baseline 0.004 -3"><span class='ocrx_word' id='word_1_322' title='bbox 838 2540 878 2569; x_wconf 81' lang='lat' dir='ltr'>ab</span> <span class='ocrx_word' id='word_1_323' title='bbox 905 2550 942 2569; x_wconf 86' lang='lat' dir='ltr'>eo</span> <span class='ocrx_word' id='word_1_324' title='bbox 969 2544 1181 2569; x_wconf 84' lang='lat' dir='ltr'>memoratum</span> <span class='ocrx_word' id='word_1_325' title='bbox 1212 2544 1257 2569; x_wconf 88' lang='lat' dir='ltr'>est</span> <span class='ocrx_word' id='word_1_326' title='bbox 1289 2545 1364 2570; x_wconf 79' lang='lat' dir='ltr'>ante</span> <span class='ocrx_word' id='word_1_327' title='bbox 1394 2551 1506 2571; x_wconf 79' lang='lat' dir='ltr'>consu-</span> 
     </span>
     <span class='ocr_line' id='line_1_53' title="bbox 839 2581 1506 2617; baseline 0.004 -7"><span class='ocrx_word' id='word_1_328' title='bbox 839 2581 941 2610; x_wconf 83' lang='lat' dir='ltr'>latum</span> <span class='ocrx_word' id='word_1_329' title='bbox 966 2581 1082 2617; x_wconf 82' lang='lat' dir='ltr'>Crassi,</span> <span class='ocrx_word' id='word_1_330' title='bbox 1104 2582 1190 2611; x_wconf 89' lang='lat' dir='ltr'>unde</span> <span class='ocrx_word' id='word_1_331' title='bbox 1215 2582 1270 2612; x_wconf 91' lang='lat' dir='ltr'>ille</span> <span class='ocrx_word' id='word_1_332' title='bbox 1293 2583 1430 2613; x_wconf 81' lang='lat' dir='ltr'>bellator</span> <span class='ocrx_word' id='word_1_333' title='bbox 1452 2583 1506 2613; x_wconf 90' lang='lat' dir='ltr'>ha-</span> 
     </span>
     <span class='ocr_line' id='line_1_54' title="bbox 839 2623 1506 2663; baseline 0.004 -11"><span class='ocrx_word' id='word_1_334' title='bbox 839 2624 976 2653; x_wconf 83' lang='lat' dir='ltr'>beretur.</span> <span class='ocrx_word' id='word_1_335' title='bbox 1022 2623 1099 2653; x_wconf 74' lang='lat' dir='ltr'>Non</span> <span class='ocrx_word' id='word_1_336' title='bbox 1132 2623 1238 2663; x_wconf 71' lang='lat' dir='ltr'>igitur,</span> <span class='ocrx_word' id='word_1_337' title='bbox 1269 2628 1306 2654; x_wconf 87' lang='lat' dir='ltr'>ut</span> <span class='ocrx_word' id='word_1_338' title='bbox 1336 2630 1422 2655; x_wconf 86' lang='lat' dir='ltr'>recte</span> <span class='ocrx_word' id='word_1_339' title='bbox 1453 2626 1506 2655; x_wconf 83' lang='lat' dir='ltr'>ob-</span> 
     </span>
     <span class='ocr_line' id='line_1_55' title="bbox 837 2665 1507 2699; baseline 0.003 -4"><span class='ocrx_word' id='word_1_340' title='bbox 837 2670 939 2695; x_wconf 76' lang='lat' dir='ltr'>servat</span> <span class='ocrx_word' id='word_1_341' title='bbox 971 2665 1165 2699; x_wconf 74' lang='lat' dir='ltr'>Gronovius.</span> <span class='ocrx_word' id='word_1_342' title='bbox 1196 2667 1264 2696; x_wconf 78' lang='lat' dir='ltr'>vult</span> <span class='ocrx_word' id='word_1_343' title='bbox 1292 2666 1403 2697; x_wconf 76' lang='lat' dir='ltr'>Livius</span> <span class='ocrx_word' id='word_1_344' title='bbox 1433 2677 1507 2697; x_wconf 86' lang='lat' dir='ltr'>eum</span> 
     </span>
     <span class='ocr_line' id='line_1_56' title="bbox 838 2708 1509 2747; baseline 0.006 -11"><span class='ocrx_word' id='word_1_345' title='bbox 838 2708 1001 2737; x_wconf 80' lang='lat' dir='ltr'>consulem</span> <span class='ocrx_word' id='word_1_346' title='bbox 1025 2708 1146 2737; x_wconf 81' lang='lat' dir='ltr'>factum</span> <span class='ocrx_word' id='word_1_347' title='bbox 1171 2708 1246 2747; x_wconf 86' lang='lat' dir='ltr'>quia</span> <span class='ocrx_word' id='word_1_348' title='bbox 1269 2709 1405 2739; x_wconf 86' lang='lat' dir='ltr'>bellator</span> <span class='ocrx_word' id='word_1_349' title='bbox 1430 2714 1509 2747; x_wconf 81' lang='lat' dir='ltr'>erat,</span> 
     </span>
     <span class='ocr_line' id='line_1_57' title="bbox 838 2750 1509 2782; baseline 0.004 -3"><span class='ocrx_word' id='word_1_350' title='bbox 838 2750 892 2779; x_wconf 85' lang='lat' dir='ltr'>sed</span> <span class='ocrx_word' id='word_1_351' title='bbox 909 2750 1110 2779; x_wconf 85' lang='lat' dir='ltr'>consulatum</span> <span class='ocrx_word' id='word_1_352' title='bbox 1127 2750 1155 2780; x_wconf 88' lang='lat' dir='ltr'>ei</span> <span class='ocrx_word' id='word_1_353' title='bbox 1173 2750 1372 2781; x_wconf 83' lang='lat' dir='ltr'>occasionem</span> <span class='ocrx_word' id='word_1_354' title='bbox 1385 2752 1509 2782; x_wconf 84' lang='lat' dir='ltr'>dedisse</span> 
     </span>
     <span class='ocr_line' id='line_1_58' title="bbox 839 2791 1488 2831; baseline 0.008 -10"><span class='ocrx_word' id='word_1_355' title='bbox 839 2792 974 2822; x_wconf 84' lang='lat' dir='ltr'>bellicae</span> <span class='ocrx_word' id='word_1_356' title='bbox 991 2791 1049 2822; x_wconf 86' lang='lat' dir='ltr'>sibi</span> <span class='ocrx_word' id='word_1_357' title='bbox 1067 2792 1229 2831; x_wconf 83' lang='lat' dir='ltr'>parandae</span> <span class='ocrx_word' id='word_1_358' title='bbox 1245 2793 1358 2824; x_wconf 82' lang='lat' dir='ltr'>laudis.</span> <span class='ocrx_word' id='word_1_359' title='bbox 1383 2794 1488 2826; x_wconf 76' lang='lat' dir='ltr'>CREv.</span> 
     </span>
    </p>
   </div>
  </div>
 </body>
</html>
