1871 3178
449 81 572 122 LIB.
611 82 779 122 XXIX.
823 81 965 122 CAP.
1001 86 1066 121 32.
1374 85 1455 122 4953

52 173 231 212 «minum
263 188 445 227 quoque,
478 187 600 213 carne
632 188 678 213 ac
711 172 813 212 laete
846 172 1116 219 vescentium,
1149 170 1314 211 abunde
1347 172 1458 211 sulli-
1478 182 1573 212 U.(·.
1599 184 1668 219 54³<-

71 230 207 270 ciebat
231 229 448 270 alimentis,
514 229 617 269 Indc
650 229 863 269 nocturnis
894 229 1027 283 primo
1056 243 1101 268 ac
1131 228 1290 267 furtivis
1321 226 1511 267 incur-³·
1538 226 1575 253 ‘'·
1602 234 1669 260 20⁴.

71 286 269 334 sionibus,
292 286 445 326 deinde
469 295 611 342 aperto
634 285 861 331 latrocinio,
886 285 1034 325 infesta
1055 284 1195 324 omnia
1216 284 1321 323 circa
1345 300 1431 323 esse
1451 300 1459 323 :

72 343 253 383 maxime
291 343 353 382 uri
389 343 748 397 Carthaginiensis
784 356 893 396 ager,
927 341 1024 396 quia
1061 349 1103 380 et
1138 340 1231 395 plus
1268 341 1458 395 praedae,

73 415 198 454 quam
228 400 338 439 inter
367 398 588 448 Numidas,
611 409 653 439 et
681 398 942 439 latrocinium
971 397 1099 437 tutius
1125 405 1222 437 erat.
1289 396 1460 451 lamque

73 456 178 496 adeo
214 456 387 496 licenter
423 456 662 504 eludebant,
698 464 744 496 ut
777 455 829 495 ad
867 469 977 494 mare
1012 454 1227 494 devectam
1264 454 1460 508 praedam

73 512 304 553 venderent
326 513 633 562 mercatoribus,
656 511 961 567 appellentibus
989 526 1113 550 naves
1142 510 1194 550 ad
1224 510 1265 550 id
1298 511 1459 565 ipsum3

74 569 310 625 pluresque,
346 584 470 624 quam
508 569 615 609 iusto
651 584 772 622 saepe
810 569 852 608 in
888 567 1010 616 bello,
1050 567 1460 621 Carthaginiensium

73 626 271 667 caderent
293 635 634 681 caperenturque.
699 625 985 680 Deplorabant
1014 639 1063 664 ea
1090 623 1201 679 apud
1228 623 1460 679 Syphacem

78 682 459 737 CarthaginienseS,
493 682 786 736 infensumque
816 690 858 722 et
888 681 1024 736 ipsum
1053 681 1106 720 ad
1138 680 1333 735 reliquias
1365 679 1461 720 belli

74 739 384 795 persequendas
413 739 676 793 instigabant.
742 737 825 778 Sed
853 738 921 777 vix
954 738 1116 792 regium
1144 737 1376 785 videbatur,
1407 736 1464 776 la-

75 805 239 836 tronem
261 810 409 850 vagum
434 795 476 834 in
498 795 709 835 montibus
738 795 978 834 consectari.
1014 790 1020 792 „
1043 794 1244 842 Bocehar,
1268 809 1319 834 ex
1346 808 1464 849 prae-
1543 801 1608 838 32,

74 853 192 893 fectis
220 853 343 907 regiis
370 852 432 892 vir
462 867 557 892 acer
587 860 628 892 et
660 851 850 906 impiger,
873 851 925 891 ad
955 851 998 891 id
1027 851 1225 891 delectus
1291 850 1342 890 Ei
1369 850 1464 890 data
1482 855 1640 902 quqhar

76 917 274 965 quattuor
308 908 437 949 millia
472 908 676 963 peditum,
714 904 798 948 duo
835 908 1053 962 equitum:
1099 907 1464 963 praemiorumque
1479 902 1663 968 ’ζὶῖῗῑέῑῑὲῗω

77 966 310 1022 ingentium
338 981 409 1021 spe
432 974 640 1013 oneratus,
663 965 695 1005 si
725 974 851 1020 caput
874 964 1120 1004 Masinissae
1151 963 1371 1011 retulisset,
1395 950 1626 1011 2111t§,22{1¹[¹¹¹*

76 1023 216 1063 vivum
245 1023 309 1077 (id
334 1037 431 1063 vero
460 1022 761 1062 inaestimabile
791 1021 990 1075 gaudium
1012 1021 1121 1074 fore)
1142 1021 1332 1075 cepisset,
1355 1020 1467 1075 pala-

78 1088 140 1121 tos
171 1079 461 1134 incurioseque
494 1087 664 1133 agentes
695 1078 917 1133 improviso
949 1077 1130 1125 adortus,
1162 1092 1361 1132 pecorum
1392 1076 1467 1116 ho-

78 1137 324 1191 minumque
376 1136 536 1190 ingenti
583 1135 854 1175 multitudine
896 1150 919 1175 a
963 1134 1170 1189 praesidio
1216 1143 1465 1174 armatorum

78 1193 259 1240 exclusa,
283 1192 548 1233 Masinissam
578 1192 713 1247 ipsum
743 1206 838 1232 cum
866 1191 1009 1246 paucis
1031 1191 1075 1231 in
1096 1191 1293 1231 verticem
1316 1191 1469 1231 montis

78 1249 303 1305 compellit.
366 1248 485 1297 Inde,
507 1264 636 1304 prope
659 1258 705 1289 ut
727 1249 807 1289 iam
829 1248 1051 1297 debellato,
1070 1263 1148 1287 nec
1170 1247 1324 1303 praeda
1344 1247 1469 1287 modo

79 1321 277 1362 pecorum
298 1305 601 1361 hominumque
624 1314 839 1360 captorum
862 1306 986 1345 missa
1002 1305 1054 1345 ad
1076 1319 1231 1358 regem,
1250 1304 1322 1344 sed
1340 1304 1469 1359 copiis

79 1364 220 1412 etiam,
242 1372 288 1403 ut
310 1363 523 1418 aliquanto
545 1363 780 1410 maioribus,
805 1377 930 1417 qnam
960 1377 1035 1417 pro
1063 1361 1249 1416 reliquiis
1271 1360 1382 1409 belli,
1406 1375 1471 1400 re-

49 1420 225 1468 5missis,
269 1435 365 1460 cum
410 1419 522 1459 haud
564 1419 742 1474 amplius
784 1419 995 1474 peditibus
1040 1418 1153 1458 mille
1191 1417 1469 1471 ducentisque

79 1477 303 1532 equitibus,
326 1476 567 1531 degressum
596 1476 703 1531 iugis
726 1475 990 1516 Masinissam
1019 1484 1276 1530 persecutuS,
1300 1474 1343 1513 in
1365 1473 1470 1513 valle

81 1542 180 1582 arta,
221 1533 409 1573 faucibus
459 1533 671 1587 utrimque
722 1533 908 1581 obsessis,
951 1532 1130 1572 inclusit.
1209 1531 1273 1571 Ibi
1323 1531 1472 1584 ingens

80 1590 229 1631 caedes
265 1589 546 1645 Massylorum
586 1590 702 1630 facta.
768 1588 991 1629 Masinissa
1030 1603 1126 1628 eum
1168 1587 1474 1642 quinquaginta

82 1647 195 1687 haud
228 1646 405 1701 amplius
437 1646 648 1701 equitibus
683 1661 758 1701 per
790 1646 997 1686 anfractus
1027 1645 1182 1685 montis
1213 1644 1378 1699 ignotos
1411 1658 1474 1683 se-

82 1703 310 1759 quentibus
351 1718 393 1743 se
435 1703 599 1758 eripuit.
664 1702 824 1743 Tenuit
865 1711 1004 1742 tamen
1045 1701 1219 1756 vestigia
1256 1700 1470 1740 Boechar:

83 1760 343 1816 adeptusque
366 1775 462 1800 eum
485 1760 724 1815 patentibus
749 1774 879 1814 prope
905 1758 1113 1814 Clupeam
1135 1759 1281 1799 urbem
1304 1757 1473 1812 campis,

83 1817 142 1858 ita
175 1817 462 1866 circumvenit,
500 1824 559 1866 ut,
596 1825 761 1872 praeter
796 1824 994 1871 quattuor
1029 1815 1204 1870 equites,
1242 1829 1387 1855 omnes
1422 1813 1474 1853 ad

84 1889 217 1914 unum
253 1873 518 1914 interficeret.
584 1873 695 1913 Cum
738 1873 786 1912 iis
828 1873 963 1927 ipsum
1001 1887 1169 1927 quoque
1208 1870 1474 1911 Masinissam

85 1931 269 1971 saucium
292 1945 421 1985 prope
444 1945 466 1970 e
489 1930 680 1969 manibus
704 1929 812 1969 inter
838 1928 1066 1968 tumultum
1093 1928 1240 1968 amisit.
1304 1927 1355 1966 In
1376 1942 1477 1967 con-

85 1995 232 2041 spectu
256 1995 375 2026 erant
399 1986 633 2040 fugientes3
667 1985 730 2025 ala
759 1985 963 2039 equitum,
985 1984 1169 2038 dispersa
1198 1991 1286 2023 toto
1314 1998 1475 2037 campo,

87 2042 350 2098 quibusdam,
373 2050 419 2081 ut
447 2050 726 2089 occurrerent,
749 2055 824 2095 per
851 2040 1020 2094 obliqua
1044 2039 1330 2087 tendentibus,
1353 2039 1477 2093 quin-

87 2114 169 2154 que
201 2099 341 2139 hostes
373 2098 633 2152 sequebatur.
698 2097 849 2137 Amnis
882 2097 1030 2151 ingens
1063 2096 1270 2150 fugientes
1303 2095 1661 2150 accepithxsasifflssa

87 2158 245 2210 (neque
268 2155 381 2195 enim
403 2163 659 2203 cunctanter,
683 2162 729 2194 ut
751 2168 855 2208 quos
881 2153 1011 2193 maior
1036 2162 1172 2192 metus
1197 2161 1377 2207 urgeret,
1401 2152 1589 2201 im-insiljt
1605 2155 1638 2184 111

89 2213 285 2252 miserant
307 2210 456 2266 equos)
483 2211 674 2266 raptique
702 2210 878 2265 gurgite,
902 2218 944 2250 et
971 2209 1014 2248 in
1043 2208 1261 2264 obliquum
1290 2208 1474 2264 praelati.
1492 2197 1665 2268 ἓξὲἓᾟίξῃ]

91 2269 270 2309 Duobus
302 2268 345 2307 in
378 2276 606 2322 conspectu
640 2266 823 2307 hostium
860 2266 903 2305 in
938 2265 1232 2321 praerapidum
1269 2265 1476 2319 gurgitem
1492 2281 1617 2310 duobus

91 2325 259 2373 haustis,
282 2324 369 2379 ipse
391 2324 560 2378 periisse
582 2323 774 2364 creditus.
838 2323 899 2362 At
920 2322 1005 2362 duo
1027 2322 1176 2376 reliqui
1199 2322 1362 2375 equites
1383 2336 1478 2361 cum
1492 2323 1634 2361 emergit.

93 2397 144 2422 eo
166 2381 276 2421 inter
296 2380 477 2435 virgulta
496 2380 702 2420 ulterioris
722 2380 835 2434 ripae
858 2387 1128 2419 emerserunt.
1191 2377 1232 2417 Is
1254 2377 1349 2417 finis
1372 2377 1480 2417 Boc-

92 2438 206 2478 chari
236 2436 440 2491 sequendi
470 2436 561 2485 fuit,
587 2451 665 2476 nec
697 2435 860 2491 ingredi
890 2436 1048 2475 flumen
1079 2449 1191 2483 auso,
1219 2449 1296 2474 nec
1327 2433 1480 2474 habere

60 2494 281 2535 6credenti
319 2508 361 2533 se
402 2493 498 2541 iam,
535 2507 661 2547 quern
701 2501 958 2547 sequeretur.
1020 2490 1126 2531 Inde
1167 2505 1298 2530 vanus
1339 2499 1482 2530 auctor

94 2550 302 2605 absumpti
334 2548 580 2590 Masinissae
611 2548 663 2589 ad
692 2563 832 2604 regem
861 2547 1011 2596 rediit3
1045 2547 1256 2602 missique,
1280 2547 1353 2602 qui
1378 2546 1482 2587 Car-

141 2722 157 2752 5
191 2713 270 2743 Cum
307 2713 398 2743 haud
434 2713 574 2752 amplius
607 2712 768 2750 peditibus
813 2712 888 2742 dum
907 2714 1024 2741 censet.

97 2756 197 2792 mille]
227 2755 278 2784 Ita
303 2765 359 2794 pro
377 2755 459 2794 vulg.
476 2755 660 2794 quinyentis
681 2755 769 2783 haud
854 2752 873 2783 6
897 2754 978 2783 Inde
1015 2762 1120 2782 vanus
1156 2756 1267 2782 auctor
1304 2752 1480 2791 absumpti]

99 2798 238 2836 amplius
262 2798 424 2837 peditibus
450 2796 632 2826 Gronovius
664 2796 767 2833 legen-
814 2795 909 2825 Falso
926 2794 1077 2824 nuntians
1094 2793 1210 2833 perisse
1227 2793 1440 2825 Masinissam.
