1846 3173
340 113 417 150 134
841 110 986 151 ΤΙΤΙ
1028 108 1206 150 LIVII

132 207 174 238 U.
192 209 230 238 C.
253 198 512 246 536·a111111108
533 213 691 248 aureos,
714 199 786 254 qui
816 207 956 239 tantus
976 213 1145 239 acervus
1171 198 1263 246 fuit,
1286 206 1345 246 ut,
1368 198 1635 238 metientibus
1656 196 1751 238 ‹li-9

130 250 169 280 A·
194 251 232 281 C.
255 248 325 280 ²¹5·
340 254 516 295 midium
543 269 668 310 super
688 264 769 296 tres
797 256 957 296 modios
985 255 1186 310 explesse,
1209 255 1292 295 sint
1319 254 1490 309 quidam
1516 263 1716 294 auctores.

341 311 467 352 Fama
487 312 634 360 tenuit,
657 327 763 367 quae
785 312 952 368 propior
967 327 1063 353 vero
1085 320 1160 360 est,
1178 310 1291 352 haud
1311 311 1405 366 plus
1420 311 1544 352 fuisse
1566 309 1717 351 modio.

341 368 513 409 Adiecit
542 368 695 410 deinde
727 370 875 418 verbis,
908 384 991 424 quo
1020 368 1184 409 maioris
1215 367 1343 408 cladis
1370 367 1572 408 indicium
1600 374 1719 415 esset,

339 426 564 474 neminem,
586 426 665 466 nisi
693 426 892 481 equitem,
915 435 1039 481 atque
1068 440 1211 465 eorum
1240 425 1423 480 ipsorum
1443 424 1656 479 primores,
1678 423 1722 463 id
1737 437 1749 457 1

340 497 481 537 gerere
503 482 675 538 insigne.
741 482 913 523 Summa
932 483 1011 523 fuit
1032 482 1240 530 orationis,
1265 487 1276 504 ‘
1296 481 1393 529 Quo
1414 480 1583 536 propius
1604 494 1721 535 spem

343 545 353 561 ‘
369 539 467 579 belli
488 539 732 595 perficiendi
753 540 817 588 sit,
841 555 891 579 eo
912 539 1042 594 magis
1063 538 1176 579 omni
1199 554 1276 594 ope
1299 537 1529 578 iuvandum
1555 536 1722 576 Hanni-

342 601 353 618 ‘
369 595 504 636 balem
528 611 626 636 esse.
679 595 832 637 Procul
845 596 957 636 enim
979 596 1029 636 ab
1050 595 1175 636 domo
1190 595 1379 636 militiam
1400 609 1500 643 esse,
1520 593 1564 633 in
1585 593 1723 634 media

342 659 353 675 ‘
368 652 549 693 hostium
571 661 701 694 terra:
736 668 929 708 magnam
951 653 1034 693 vim
1062 652 1273 700 frumenti,
1296 651 1511 707 pecuniae,
1534 650 1694 691 absumi
1707 665 1719 698 3

343 715 353 732 ‘
370 718 412 749 et
433 717 494 749 tot
509 710 628 759 acies,
651 717 697 749 ut
717 710 898 750 hostium
919 709 1126 750 exercitus
1142 709 1312 758 delesse,
1331 709 1388 749 ita
1408 708 1574 748 victoris
1596 706 1721 748 etiam

343 766 505 821 ‘copias
534 775 648 821 parte
676 766 816 822 aliqua
842 766 1050 806 minuisse.
1114 765 1374 806 Mittendum
1403 765 1528 820 igitur
1555 763 1722 819 supple-

344 829 557 863 ‘mentum
587 838 699 871 esse3
738 822 984 864 mittendam
1017 823 1060 862 in
1093 822 1347 877 stipendium
1383 821 1604 877 pecuniam
1636 820 1722 860 fru—

344 885 641 935 ‘mentumque
673 889 756 920 tam
788 881 895 921 bene
932 879 1088 920 meritis
1121 879 1173 920 de
1210 879 1378 920 nomine
1416 878 1577 919 Punico
1613 876 1722 917 mili-

344 942 354 958 ‘
370 936 504 976 tibus.’

424 992 430 1005 1
829 993 836 1000 .
1097 993 1104 1001 .
1239 993 1246 1000 .
1394 993 1400 1000 .
1569 992 1576 999 .

133 1003 329 1032 Hannonem
404 992 643 1033 Secundum
664 993 766 1034 haec
797 993 909 1034 dlcta
933 993 1128 1048 Magonls
1152 993 1270 1034 laetis
1291 994 1495 1041 ominbus,
1520 991 1720 1040 Hlmilco,

134 1045 277 1091 inerepat
342 1049 404 1089 vir
442 1049 630 1090 factionis
671 1049 885 1099 Barcinae,
917 1050 1055 1090 locum
1097 1049 1318 1090 Hannonis
1355 1048 1596 1104 increpandi
1632 1063 1720 1089 esse

134 1087 288 1118 Hmnlco.
342 1114 465 1154 ratus,
500 1106 644 1153 ‘Quid
675 1114 747 1154 est,
782 1106 986 1147 Hanno?’
1017 1106 1167 1161 inquit,
1206 1107 1358 1147 ‘etiam
1389 1121 1501 1146 nune
1533 1105 1722 1161 poenitet

343 1168 353 1186 ‘
367 1161 464 1202 belli
485 1162 664 1217 suscepti
681 1163 874 1203 adversus
898 1163 1139 1203 Romanos?
1170 1162 1274 1203 Iube
1295 1163 1393 1203 dedi
1417 1161 1717 1202 Hannibalem:

343 1226 353 1242 ‘
370 1228 464 1259 veta
484 1219 527 1258 in
556 1227 640 1258 tam
668 1219 874 1274 prosperis
902 1220 1023 1259 rebus
1051 1227 1186 1273 grates
1211 1219 1290 1259 diis
1315 1218 1614 1259 immortalibus
1641 1218 1718 1274 agi.

342 1275 602 1315 ‘Audiamus
650 1275 891 1316 Romanum
939 1284 1169 1316 senatorem
1218 1276 1261 1315 in
1311 1275 1720 1330 Carthaginiensium

135 1347 245 1377 Oratio
341 1340 352 1357 ‘
366 1333 503 1372 curia.'
554 1332 666 1372 Tum
682 1332 856 1373 Hanno:
892 1339 901 1356 ‘
917 1333 1157 1373 Tacuissem
1172 1332 1309 1382 hodie,
1328 1332 1472 1372 Patres
1485 1332 1719 1387 conscripti,

133 1389 305 1436 Hannonis
343 1396 352 1412 ⁴
366 1403 418 1429 ne
441 1388 543 1444 quid
564 1389 607 1428 in
629 1389 841 1429 communi
870 1390 1056 1430 omnium
1084 1390 1250 1444 gaudio,
1275 1390 1411 1429 minus
1431 1389 1585 1430 laetum
1607 1389 1721 1444 quod

132 1432 315 1504 gglglanm-
341 1449 352 1467 ‘
368 1455 474 1486 esset
494 1445 622 1494 vobis,
645 1445 848 1500 loquerer.
912 1446 1038 1486 Nunc
1060 1446 1333 1502 interroganti
1360 1446 1553 1495 senatori,
1575 1446 1721 1501 poeni-

206 1498 213 1504 ’
341 1506 352 1524 ‘
369 1511 506 1543 teatne
529 1517 594 1542 me
617 1502 753 1543 adhue
774 1503 953 1558 suseepti
979 1503 1172 1543 adversus
1202 1503 1415 1544 Romanos
1434 1503 1546 1552 belli,
1569 1503 1602 1543 si
1623 1502 1721 1543 reti-

341 1563 351 1580 ‘
364 1574 493 1608 ceam,
516 1568 587 1599 aut
608 1560 820 1614 superbus,
839 1568 910 1599 aut
930 1560 1135 1600 obnoxius
1156 1560 1313 1600 videar:
1349 1575 1526 1615 quorum
1542 1559 1718 1600 alterum
1732 1575 1750 1596 2

341 1620 428 1656 ‘est
456 1615 635 1656 hominis
665 1615 824 1656 alienae
854 1616 1055 1657 libertatis
1083 1616 1223 1665 obliti3
1257 1617 1431 1657 alterum
1460 1631 1568 1657 suae.
1633 1615 1720 1657 Re-

340 1672 591 1727 ‘spondeam
628 1672 754 1727 igitur
796 1673 1039 1722 Himilconi,
1077 1688 1161 1713 non
1203 1673 1355 1713 desisse
1395 1673 1609 1728 poenitere
1650 1688 1717 1714 me

340 1728 473 1778 ‘belli,
505 1744 642 1783 neque
673 1729 902 1770 desiturum
934 1738 1028 1770 ante
1055 1730 1254 1770 invictum
1283 1738 1463 1770 vestrum
1495 1730 1717 1785 imperato-

339 1790 450 1825 ‘rem
487 1785 688 1835 incusare,
720 1801 845 1841 quam
877 1786 1041 1827 finitum
1073 1786 1209 1841 aliqua
1242 1786 1445 1827 tolerabili
1476 1785 1715 1827 conditione

339 1842 517 1883 “bellum
548 1842 712 1883 videro:
747 1857 824 1884 nec
855 1843 956 1882 mihi
988 1843 1100 1898 pacis
1127 1843 1322 1898 antiquae
1352 1843 1602 1883 desiderium
1632 1843 1717 1884 ulla

339 1898 446 1938 ‘alia
473 1914 549 1948 res,
577 1914 701 1954 quam
727 1915 808 1955 pax
835 1915 952 1948 nova,
976 1901 1104 1940 finiet.
1168 1900 1314 1954 Itaque
1344 1900 1432 1949 ista,
1456 1915 1561 1955 quae
1591 1901 1716 1941 modo

338 1961 347 1977 ‘
366 1954 495 2011 Mago
524 1956 701 2005 iactavit,
730 1956 960 1997 Himilconi
986 1957 1217 2012 ceterisque
1250 1956 1501 1997 Hannibalis
1529 1957 1716 1998 satelliti—

337 2012 437 2052 ‘bus
476 2013 558 2052 iam
594 2012 701 2053 laeta
735 2022 843 2053 sunt.
906 2013 1017 2053 Mihi
1049 2023 1221 2068 possunt
1252 2013 1360 2054 laeta
1389 2028 1490 2061 esse,
1523 2014 1622 2069 quia
1650 2029 1715 2055 res

337 2074 347 2090 ⁶
365 2068 472 2109 bello
503 2069 609 2109 bene
644 2079 798 2124 gestae,
830 2070 863 2109 si
893 2070 1083 2110 volumus
1112 2070 1280 2110 fortuna
1310 2070 1382 2119 uti,
1414 2085 1559 2125 pacem
1596 2071 1714 2112 nobis

337 2132 346 2146 ‘
361 2125 600 2180 aequiorem
623 2122 792 2166 dabunt.
857 2126 967 2166 Nam
993 2127 1025 2166 si
1047 2127 1415 2181 praetermittimus
1436 2127 1513 2167 hoc
1536 2135 1712 2183 tempus,

337 2189 346 2202 ⁶
364 2197 447 2235 quo
478 2182 607 2236 magis
634 2183 744 2231 dare,
766 2198 891 2237 quam
920 2183 1120 2237 accipere,
1144 2198 1359 2237 possumus
1391 2183 1521 2223 videri
1551 2198 1711 2238 pacem,

337 2246 516 2286 ⁶vereor,
549 2254 601 2278 ne
633 2239 735 2279 haec
766 2254 934 2293 quoque
965 2239 1122 2279 laetitia
1152 2239 1334 2279 luxuriet
1365 2240 1496 2288 nobis,
1529 2255 1575 2280 ac
1606 2255 1713 2281 vana

336 2294 517 2335 ‘evadat
584 2295 703 2343 Quae
736 2304 874 2335 tamen
911 2310 1022 2335 nunc
1053 2310 1221 2350 quoque
1253 2295 1385 2351 qualis
1417 2297 1508 2336 est?
1561 2296 1711 2338 Occidi

335 2351 564 2392 ‘exercitus
585 2351 789 2392 hostium:
824 2351 975 2392 mittite
1003 2352 1154 2392 milites
1182 2352 1295 2393 mihi.
1361 2352 1477 2400 Quid
1505 2352 1619 2394 aliud
1646 2369 1711 2395 ro-

379 2499 398 2528 0
422 2490 599 2519 Dimidium
634 2500 732 2528 super
769 2494 831 2520 tres
862 2490 994 2527 modios]
1042 2491 1082 2519 do
1110 2491 1194 2520 bello
1219 2491 1353 2528 Punico,
1377 2501 1480 2530 neque
1506 2492 1591 2522 enim
1617 2492 1710 2522 aliter

333 2532 362 2560 h.
380 2541 406 2560 e.
435 2531 614 2561 Dimidium
640 2531 783 2562 modium
814 2541 908 2570 super
936 2536 998 2561 tres
1044 2533 1220 2570 potuissent
1249 2533 1398 2563 trimodia
1430 2533 1487 2563 illa
1515 2534 1708 2565 annulorum

333 2572 464 2602 modios.
510 2573 632 2604 Graece
655 2572 804 2612 τέταρτον
824 2572 996 2612 ἡμίμετρον.
1041 2574 1267 2614 Carthaginem
1284 2576 1324 2604 ab
1342 2575 1528 2605 Hannibale
1544 2575 1662 2606 mitti.''

335 2615 422 2643 Duos
442 2615 565 2644 modios
587 2620 743 2645 memorat
764 2615 878 2645 Florus
898 2615 929 2646 ii.
948 2614 997 2646 26.
1086 2626 1101 2646 2
1121 2619 1146 2646 A
1155 2622 1189 2647 ut
1204 2618 1370 2656 superbus,
1386 2622 1443 2647 aut
1458 2619 1626 2655 obnomius]
1647 2618 1706 2647 Su-

332 2659 394 2700 tres
408 2655 491 2685 Plin.
505 2657 548 2686 H.
562 2657 603 2687 N.
616 2657 725 2688 xxxiii.
742 2668 766 2688 1.
778 2661 809 2689 et
821 2658 894 2688 Val.
907 2658 996 2688 Max·
1038 2660 1168 2696 peu-bus,
1192 2659 1216 2689 si
1240 2659 1405 2697 indignum
1432 2659 1562 2688 haberet
1586 2662 1706 2688 senato-

336 2706 383 2725 vn.
402 2706 428 2725 2.
1042 2710 1119 2737 rem,
1150 2701 1199 2730 cui
1234 2702 1449 2740 responderet,
1479 2702 1641 2737 obnoxius,
1670 2700 1706 2738 si,

379 2747 387 2766 1
416 2740 593 2775 Neminem,
610 2742 670 2769 uisi
689 2743 821 2779 equitem
829 2743 840 2778 J
876 2741 995 2770 Verum
1042 2752 1103 2771 non
1122 2742 1240 2772 habens
1255 2743 1339 2781 quod
1357 2743 1570 2780 responderet,
1587 2742 1705 2772 victum

333 2779 417 2809 plin.
437 2780 479 2808 H.
498 2780 540 2809 N.
558 2781 665 2810 xxxiii.
690 2791 712 2811 1.
729 2784 864 2812 annulos
886 2793 997 2813 aureos
1040 2794 1072 2812 se
1089 2784 1296 2821 profiteretur.

332 2821 501 2859 promiscui
522 2820 596 2851 usus
614 2822 708 2852 fuisse
728 2824 832 2853 scribit
851 2826 869 2839 “
884 2834 993 2854 secun-
