1825 3173
77 201 120 231 U.
138 201 174 231 C.
198 200 268 240 536.

75 244 113 272 A.
138 244 174 273 C.
199 242 268 274 ¹216.

140 1794 205 1830 39.

78 1848 190 1877 Mouet
209 1847 267 1876 Fa-

76 1889 146 1918 bius
164 1890 257 1919 Paul-

77 1932 153 1961 lum.

282 106 333 143 98
796 101 942 143 ΤΙΤΙ
983 100 1159 142 LIVII

281 191 334 231 ad
355 206 447 232 eam
467 190 578 232 diem
600 191 705 231 nihil
733 201 897 247 praeter
923 201 1226 233 sacramentum
1248 190 1404 238 fuerat3
1437 198 1491 238 et,
1514 188 1585 230 ubi
1614 188 1665 229 ad
1679 206 1698 237 9

282 248 542 290 decuriatum
578 258 649 289 aut
683 249 962 289 centuriatum
1003 248 1305 296 convenissent,
1340 262 1414 287 sua
1454 246 1667 286 voluntate

283 306 360 361 ipsi
388 306 498 347 inter
526 321 568 346 se
602 306 763 361 equites
791 306 1006 355 decuriati,
1033 304 1255 346 centuriati
1286 303 1446 359 pedites
1476 303 1667 343 coniura-

282 363 399 412 bant,
414 378 501 404 sese
522 364 644 417 fugae
666 372 790 418 atque
813 363 1045 403 formidinis
1069 377 1167 417 ergo
1193 376 1277 402 non
1311 360 1506 408 abituros,
1529 375 1666 415 neque

282 435 335 460 ex
357 420 502 460 ordine
524 435 767 469 recessuroS,
796 420 875 460 nisi
897 419 969 460 teli
998 418 1204 467 sumendi,
1227 426 1298 458 aut
1322 416 1506 473 petendi,
1534 425 1576 457 et
1596 425 1668 456 aut

282 477 412 517 hostis
435 477 625 526 feriendi,
648 486 719 517 aut
745 477 846 517 civis
873 475 1064 517 servandi
1092 490 1224 516 causa.
1282 474 1333 515 Id
1361 489 1412 514 ex
1434 473 1667 513 voluntario

282 534 391 574 inter
426 534 535 589 ipsos
569 534 736 575 foedere
772 549 796 574 a
830 533 1006 574 tribunis
1046 533 1098 573 ad
1138 532 1366 587 legitimam
1401 529 1667 570 iurisiurandi

282 591 542 632 adactionem
565 591 819 631 translatum.

343 647 592 697 Coneiones,
619 648 861 703 priusquam
894 648 945 688 ab
978 648 1079 687 urbe
1113 647 1231 702 signa
1262 653 1539 694 moverentur,
1568 659 1668 685 con-

282 705 382 745 sulis
402 705 601 745 Varronis
629 705 783 745 multae
812 720 858 745 ac
883 704 1039 745 feroces
1060 704 1188 752 fuere,
1211 703 1520 751 denuntiantes,
1554 707 1566 725 ‘
1580 701 1668 742 bel·
1684 718 1696 739 1

285 761 396 802 ‘lum
423 762 661 802 arcessitum
690 763 734 801 in
763 761 925 802 Italiam
954 761 1005 801 ab
1027 761 1246 809 nobilibus,
1270 773 1595 814 mansurumque
1624 758 1668 798 in

284 819 536 859 ‘visceribus
568 819 834 874 reipublicae,
866 819 899 858 si
934 818 1074 873 plures
1107 817 1255 858 Fabios
1290 817 1561 872 imperatores
1595 815 1669 856 ha-

285 881 296 899 ‘
311 876 451 923 beret3
474 890 530 923 se,
549 891 632 930 quo
653 876 721 916 die
744 875 904 916 hostem
922 875 1102 923 vidisset,
1119 874 1426 930 perfecturum.’
1470 872 1667 927 Collegae

283 932 372 972 eius
393 932 529 973 Paulli
551 948 646 981 una,
669 932 803 988 pridie
826 947 950 987 quam
973 947 1025 972 ex
1048 932 1148 972 urbe
1174 931 1546 987 proficiscerentur,
1569 945 1669 970 con-

282 989 347 1029 cio
367 989 447 1029 fuit
467 990 612 1037 verior,
636 1004 762 1043 quam
790 989 945 1044 gratior
971 989 1138 1044 populo,
1162 1004 1245 1044 qua
1269 987 1374 1027 nihil
1396 987 1670 1027 inclementer

282 1045 326 1085 in
347 1045 581 1086 Varronem
606 1046 779 1094 dictum,
801 1046 879 1085 nisi
912 1045 955 1085 id
985 1046 1136 1086 modo:
1172 1052 1182 1069 6
1200 1045 1347 1085 Mirari
1378 1059 1434 1093 se,
1457 1043 1668 1099 quomodo

283 1102 404 1157 ‘quis
436 1102 536 1150 dux,
566 1103 807 1157 priusquam
841 1111 913 1142 aut
944 1117 1078 1150 suum,
1108 1112 1179 1143 aut
1210 1102 1391 1142 hostium
1425 1100 1667 1149 exercitum,

283 1164 294 1181 ‘
310 1159 495 1199 locorum
516 1159 656 1207 situm,
678 1169 868 1198 naturam
891 1159 1072 1213 regionis
1092 1168 1243 1207 nosset,
1266 1159 1347 1198 iam
1370 1172 1482 1198 nunc
1504 1166 1669 1212 togatus
1683 1175 1698 1195 2

284 1216 355 1255 ‘in
381 1216 482 1256 urbe
511 1216 646 1263 sciret,
670 1230 776 1270 quae
806 1215 882 1255 sibi
910 1215 1073 1270 agenda
1100 1224 1257 1255 armato
1288 1215 1449 1262 forent3
1482 1223 1525 1254 et
1557 1214 1670 1254 diem

283 1278 478 1327 ‘quoque
510 1272 748 1327 praedicere
780 1280 930 1327 posset,
960 1287 1044 1327 qua
1075 1287 1171 1312 eum
1204 1272 1321 1312 hoste
1354 1271 1482 1326 signis
1512 1270 1671 1311 collatis

283 1334 294 1352 ‘
315 1338 423 1370 esset
447 1329 728 1369 dimicaturus.
795 1328 860 1377 Sc,
884 1344 990 1383 quae
1019 1329 1191 1369 consilia
1219 1328 1348 1383 magis
1376 1343 1439 1368 res
1466 1327 1567 1368 dent
1595 1327 1671 1368 ho-

284 1391 295 1409 ‘
312 1386 506 1434 minibus,
530 1401 654 1440 quam
684 1385 874 1426 homines
902 1386 1035 1434 rebus,
1059 1401 1107 1426 ea
1134 1394 1230 1426 ante
1260 1394 1423 1440 tempus
1451 1385 1672 1425 immatura

284 1448 296 1465 ‘
311 1458 396 1482 non
417 1451 749 1497 praecepturum.
796 1442 968 1497 Optare,
987 1451 1045 1491 ut,
1064 1458 1170 1498 quae
1194 1451 1312 1483 caute
1335 1451 1460 1497 atque
1482 1441 1669 1482 consulte

285 1505 297 1522 ‘
312 1508 428 1554 gesta
448 1507 597 1547 essent,
616 1499 713 1539 satis
734 1514 929 1554 prospere
947 1500 1173 1540 evenirent.
1217 1499 1530 1547 Temeritatem,
1552 1514 1670 1554 prae-

285 1562 501 1610 ‘terquam
533 1556 647 1610 quod
682 1555 807 1595 stulta
836 1556 900 1603 sit,
933 1556 1140 1596 infelicem
1173 1557 1299 1597 etiam
1323 1556 1376 1596 ad
1410 1556 1453 1595 id
1485 1555 1670 1596 locorum

285 1612 462 1653 ‘fuisses
523 1612 573 1653 Id
603 1627 676 1652 sua
703 1621 850 1667 sponte
880 1613 1116 1667 apparebat,
1140 1622 1230 1653 tuta
1259 1613 1462 1653 celeribus
1490 1612 1701 1653 consiliis3

284 1670 614 1724 praepositurum
633 1685 641 1709 :
676 1678 730 1717 et,
754 1684 837 1724 quo
859 1669 902 1709 id
923 1670 1179 1710 constantius
1200 1678 1493 1724 perseveraret,
1520 1669 1572 1716 Q.
1594 1669 1703 1710 Fa-4

284 1726 376 1766 bius
399 1726 613 1766 Maximus
634 1726 691 1766 sic
713 1741 808 1766 eum
831 1726 1160 1780 proficiscentem
1184 1726 1387 1766 allocutus
1407 1726 1558 1766 fertur:

345 1788 355 1806 6
372 1782 415 1823 Si
437 1791 508 1823 aut
528 1782 743 1837 collegam,
758 1782 801 1822 id
818 1782 931 1837 quod
949 1782 1128 1831 mallem,
1147 1783 1208 1823 tui
1225 1782 1415 1831 similem,
1432 1782 1480 1823 L.
1498 1783 1668 1832 Aemili,

287 1840 499 1889 ‘haberes,
534 1848 604 1880 aut
638 1850 682 1879 tu
715 1839 897 1894 collegae
932 1840 992 1879 tui
1028 1840 1172 1879 similis
1207 1854 1328 1888 esses,
1366 1854 1671 1894 supervacanea

287 1903 297 1920 ‘
315 1906 421 1937 esset
449 1897 581 1936 oratio
603 1911 705 1936 mea.
770 1895 881 1936 Nam
914 1904 955 1936 et
980 1896 1063 1936 duo
1094 1897 1192 1936 boni
1222 1896 1424 1944 consules,
1447 1897 1574 1936 etiam
1603 1912 1700 1942 me5

286 1959 297 1977 ‘
314 1953 539 2002 indicente,
562 1953 703 1993 omnia
724 1968 745 1993 e
768 1953 980 2008 republica
1000 1953 1083 1993 fide
1105 1962 1238 1993 vestra
1259 1953 1472 1993 faceretis:
1506 1962 1547 1994 et
1572 1953 1702 1994 mali6

285 2016 297 2033 ‘
314 2026 390 2051 nec
422 2025 514 2050 mea
544 2011 669 2050 verba
698 2009 865 2049 auribus
894 2010 1050 2058 vestris,
1076 2025 1154 2050 nec
1188 2010 1358 2050 consilia
1384 2010 1533 2050 animis
1563 2010 1671 2051 acci-

286 2073 296 2090 ‘
314 2067 475 2122 peretis.
538 2066 666 2107 Nunc
694 2076 736 2107 et
763 2066 963 2121 collegam
994 2075 1112 2107 tuum
1144 2076 1186 2107 et
1216 2076 1255 2107 te
1289 2066 1413 2107 talem
1441 2066 1575 2107 virum
1606 2067 1666 2107 in-

326 2206 345 2236 9
366 2197 420 2225 Ad
433 2197 631 2226 decuriatum
646 2200 703 2224 aut
718 2196 949 2231 centuriatum]

286 2237 427 2268 Bekker.
443 2237 632 2267 sententiam
651 2237 751 2275 Lipsii
776 2240 808 2266 et
828 2236 952 2266 Dukeri

284 2284 423 2316 secutus,
446 2278 713 2317 praepositionem
737 2279 779 2307 ad
801 2278 898 2313 delet,
921 2281 953 2307 et

284 2321 399 2360 supina
426 2321 582 2359 passivam
607 2320 670 2350 vini
694 2320 811 2349 habere
835 2323 953 2355 censet,

284 2373 326 2394 sc.
342 2368 379 2393 ut
393 2364 641 2394 decuriarentur
660 2363 780 2401 equites
802 2367 860 2391 aut
883 2372 952 2392 cen-

284 2407 488 2436 turiarentur
500 2406 631 2443 pedites.
671 2403 823 2442 Doering.
840 2403 955 2442 supina

284 2446 387 2477 active
413 2447 516 2483 vertit,
541 2457 583 2476 sc.
609 2451 645 2476 ut
667 2447 872 2476 decuriarent
897 2449 955 2474 aut

284 2491 504 2520 centuriarent
514 2489 628 2518 milites
638 2489 770 2517 tribuni.
800 2488 952 2518 Ceterum

285 2531 553 2569 praepositionem
577 2532 620 2560 ad
639 2533 821 2559 constanter
843 2539 953 2559 omnes

286 2573 377 2602 codd.
394 2576 532 2602 tuentur.
579 2572 678 2601 Haud
699 2571 763 2601 scio
783 2582 823 2601 an
847 2572 952 2610 legen-

286 2614 362 2642 dum
379 2614 418 2642 sit
434 2619 491 2643 aut
505 2615 693 2644 decuriatim
713 2618 771 2643 aut
793 2614 952 2644 centuria-

286 2656 350 2684 tim.
382 2655 421 2685 cf.
439 2655 505 2685 Cic.
523 2656 562 2684 de
580 2656 617 2685 Β.
635 2656 704 2686 Civ.
726 2656 746 2686 i.
767 2654 814 2694 76.
844 2660 951 2685 eentu-

284 2697 392 2725 ‘riatim
405 2698 552 2734 producti
568 2698 681 2727 milites
695 2699 776 2727 idem
792 2698 913 2727 iim-ant.

331 2747 341 2766 1
365 2739 619 2775 Denuntiantes]
646 2739 739 2768 Unus
754 2739 888 2768 Hearnii
902 2749 951 2768 co-

285 2780 358 2815 dex,
374 2780 620 2809 denunciamus.-
649 2781 733 2818 quod
755 2784 951 2818 anteponen-

285 2822 371 2850 dum.
396 2821 500 2850 Cam.

1040 2203 1056 2223 2
1073 2196 1142 2224 Iam
1160 2204 1246 2223 mmc
1262 2195 1402 2232 togatus]
1426 2194 1478 2223 Ita
1490 2203 1529 2223 ex
1542 2194 1668 2224 emend.

997 2235 1117 2265 Mureti
1142 2235 1282 2274 reposuit
1299 2235 1438 2265 Bekker.
1462 2237 1599 2266 Locatus
1618 2245 1669 2266 co-

997 2277 1084 2307 dices
1099 2277 1262 2307 exhibent.

1041 2328 1058 2357 3
1082 2320 1123 2349 Id
1135 2330 1195 2349 sua
1210 2324 1320 2358 sponte
1336 2321 1530 2358 apparebat]
1549 2321 1594 2350 Et
1607 2331 1668 2350 sua

996 2366 1106 2399 sponte
1122 2371 1161 2390 ex
1175 2360 1345 2391 eoniectur.
1358 2361 1511 2391 Gronovii
1527 2362 1669 2401 reposuit

999 2403 1137 2433 Bekker.

1041 2457 1060 2483 4
1083 2446 1124 2474 Id
1144 2446 1342 2475 constantius
1361 2447 1597 2484 perseveraret]
1628 2446 1667 2477 cf.

997 2486 1065 2517 Cic.
1087 2497 1143 2525 pro
1164 2486 1297 2521 Quinct.
1315 2497 1364 2525 ²4·
1386 2498 1488 2526 neque
1510 2492 1539 2518 te
1561 2489 1667 2527 ipsum

996 2530 1030 2558 id
1045 2552 1052 2559 .
1070 2552 1077 2559 .
1095 2552 1101 2559 .
1116 2539 1324 2567 perseverare
1336 2530 1485 2567 potuisse.

1041 2579 1056 2609 5
1081 2572 1189 2600 Etiam
1206 2581 1254 2601 me
1269 2572 1443 2608 indicente]
1470 2571 1527 2601 Me
1542 2581 1605 2601 non
1621 2571 1666 2602 di-

998 2616 1100 2649 cente,
1116 2616 1252 2642 tacente.
1286 2613 1429 2642 Verbum
1446 2613 1604 2644 indicente
1619 2624 1665 2643 ra-

996 2654 1155 2684 rissimum
1177 2658 1242 2684 est:
1269 2664 1307 2684 eo
1322 2658 1430 2684 tamen
1450 2665 1525 2684 usus
1540 2658 1587 2684 est
1604 2655 1664 2684 Te-

996 2696 1116 2726 rentius
1134 2696 1166 2725 in
1184 2696 1323 2734 Adelph.
1340 2697 1412 2726 Act.
1429 2695 1471 2725 iii.
1489 2697 1539 2726 Sc.
1557 2706 1584 2735 5.
1601 2707 1665 2727 non

996 2750 1044 2769 me
1060 2739 1217 2768 indicente
1232 2739 1417 2776 haecfimit.

1038 2779 1057 2809 6
1080 2782 1113 2809 E
1127 2781 1292 2818 republica
1298 2780 1368 2817 fide
1383 2780 1503 2816 vestra]
1522 2780 1664 2819 Fideque

995 2826 1100 2851 vestra
1117 2821 1287 2858 legendum
1304 2821 1414 2849 suadet
1434 2820 1576 2851 Perizon.
