1877 3178
319 97 401 135 408
841 90 989 132 ΤΙΤΙ
1024 89 1203 131 LIVII

120 193 164 224 U.
180 194 218 224 C.
242 201 313 232 545·
325 183 548 240 improvisa
571 197 636 224 res
654 182 747 231 fuit,
768 189 828 230 ut,
850 181 929 221 nisi
953 179 1220 221 Cretensium
1242 178 1426 234 quidam,
1447 179 1552 219 forte
1577 178 1708 233 pabu-

118 236 159 266 A.
182 235 221 266 C·
244 242 315 274 ²07·
327 240 458 281 latum
492 241 543 281 ab
575 240 676 280 urbe
712 238 877 292 longius
912 236 1128 292 progressi,
1162 250 1314 291 agmen
1348 235 1529 275 hostium
1564 233 1708 289 procul

119 310 251 340 Attalus
329 297 655 352 conspexissent,
692 294 871 350 opprimi
911 293 1105 348 potuerit.
1168 291 1336 332 Attalus
1375 291 1544 331 inermis
1583 299 1707 344 atque

120 352 185 398 fere
201 362 220 381 a
237 350 311 382 Phi-
330 353 629 408 incompositus
650 366 772 392 cursu
793 351 923 391 effuso
951 364 1063 389 mare
1092 364 1138 389 ac
1164 363 1288 389 naves
1308 347 1439 402 petit:
1473 355 1515 387 et
1535 346 1710 386 molien-

120 394 282 474 {ffgssguzp‘
331 411 440 451 tibus
475 411 525 450 ab
557 418 664 449 terra
699 422 823 447 naves
859 406 1080 461 Philippus
1113 405 1365 460 supervenit,
1398 403 1708 456 tumultumque

248 459 256 466 .
331 467 457 508 etiam
490 481 543 506 ex
576 474 684 505 terra
715 463 891 504 nauticis
923 462 1125 517 praebuit.
1189 461 1293 501 Inde
1325 460 1538 515 Opuntem
1572 458 1708 507 rediit,

331 523 432 564 deos
464 522 738 576 hominesque
772 534 979 567 accusanS,
1012 518 1125 573 quod
1159 526 1297 558 tantae
1332 517 1391 557 rei
1418 518 1628 556 fortunam
1658 529 1711 554 ex

332 579 462 620 oculis
488 593 617 634 prope
646 586 805 632 raptam
829 576 1039 616 amisisset.
1105 574 1283 629 Opuntii
1304 588 1471 628 quoque
1494 573 1544 612 ab
1566 570 1712 612 eadem

332 636 393 676 ira
413 635 618 690 increpiti,
642 633 767 689 quod,
790 648 920 688 quum
942 632 1105 672 trahere
1127 631 1386 671 obsidionem
1414 630 1458 669 in
1486 629 1712 669 adventum

333 707 453 732 suum
486 691 729 747 potuissent,
758 690 844 729 viso
875 689 1013 729 statim
1045 688 1176 736 hoste,
1205 702 1333 742 prope
1365 687 1409 726 in
1437 684 1713 726 voluntariam

333 749 592 788 deditionem
643 746 951 787 concessissent.
1035 744 1287 799 Compositis
1337 743 1446 784 circa
1497 742 1713 796 Opuntem

333 805 468 853 rebus,
492 805 704 844 Toronem
736 812 797 843 est
826 802 1046 856 profectus,
1110 801 1165 840 Et
1188 800 1355 840 Attalus
1386 800 1520 854 primo
1555 786 1747 851 Oreum}

334 876 376 901 se
409 861 577 915 recepit.
640 859 758 907 Inde,
789 873 919 913 quum
951 858 1059 897 fama
1090 857 1316 904 accidisset,
1348 856 1537 896 Prusiam
1566 853 1714 908 Bithy-

334 917 428 957 niae
456 931 597 971 regem
628 917 671 955 in
699 915 803 954 fines
832 914 951 968 regni
981 914 1044 953 sui
1073 922 1382 968 transgressum,
1405 912 1564 952 omissis
1592 911 1715 950 rebus

335 982 460 1027 atque
502 972 697 1012 Aetolico
737 970 859 1018 bello,
901 970 946 1009 in
987 969 1145 1009 Asiam‘
1173 969 1344 1009 traiecit.
1408 968 1464 1008 Et
1507 967 1715 1022 Sulpicius

335 1029 544 1083 Aeginam
570 1027 740 1067 classem
768 1026 936 1080 recepit,
959 1025 1071 1065 unde
1100 1025 1220 1065 initio
1245 1025 1351 1065 veris
1377 1024 1586 1079 profectus
1614 1031 1712 1063 erat.

336 1084 467 1125 Haud
497 1084 651 1124 maiore
683 1082 923 1130 certamine,
951 1096 1075 1136 quam
1101 1081 1317 1136 Opuntem
1340 1080 1508 1120 Attalus
1535 1087 1714 1134 ceperat,

335 1141 555 1195 Philippus
577 1140 789 1180 Toronem
811 1138 932 1193 cepit.
996 1137 1240 1177 Incolebant
1265 1137 1411 1177 urbem
1437 1151 1529 1177 eam
1552 1135 1716 1190 profugi

335 1197 386 1238 ab
409 1197 567 1237 Thebis
588 1195 851 1236 Phthioticis,
916 1194 1031 1234 Urbe
1060 1208 1134 1234 sua
1161 1202 1281 1248 capta
1305 1208 1329 1233 a
1353 1193 1562 1248 Philippo,
1586 1206 1717 1246 quum
1732 1204 1749 1235 7

335 1254 380 1294 in
401 1253 527 1294 fidem
550 1252 799 1293 Aetolorum
820 1251 1110 1307 perfugissent,
1133 1250 1274 1290 sedem
1296 1250 1345 1290 iis
1367 1249 1510 1290 Aetoli
1532 1263 1623 1289 eam
1645 1248 1750 1288 de-8

337 1310 497 1359 derant,
524 1310 637 1350 urbis
664 1317 845 1348 vastatae
872 1323 918 1348 ac
943 1307 1129 1347 desertae
1157 1306 1292 1361 priore
1322 1305 1508 1346 ciusdem
1530 1304 1717 1360 Philippi

337 1367 457 1407 bello.
520 1366 632 1406 Tum
660 1366 711 1405 ab
734 1365 914 1413 Torone,
941 1364 1047 1404 sicut
1074 1363 1215 1418 paullo
1243 1371 1339 1403 ante
1368 1362 1527 1402 dictum
1558 1369 1632 1409 est,
1655 1376 1719 1401 re-

338 1432 459 1477 cepta
485 1423 706 1477 profectus,
730 1421 938 1461 Tritonon
966 1429 1008 1460 et
1029 1420 1223 1475 Drymas,
1247 1418 1418 1459 Doridis
1442 1433 1568 1473 parva
1592 1426 1718 1472 atque

339 1479 538 1533 ignobilia
568 1478 733 1533 oppida,
757 1478 878 1532 cepit.
940 1476 1047 1517 Inde
1071 1476 1263 1524 Elatiam,
1286 1475 1405 1516 iussis
1433 1475 1491 1515 ibi
1519 1489 1560 1514 se
1592 1489 1721 1529 oppe-

132 1544 298 1575 Machani-
338 1536 409 1575 riri
441 1535 671 1575 Ptolemaei
706 1534 1054 1588 Rhodiorumque
1087 1533 1244 1588 legatis,
1279 1532 1405 1572 venit.
1469 1531 1555 1571 Ubi
1589 1545 1720 1586 quum

131 1587 188 1616 das
202 1597 321 1626 repres-
340 1591 391 1631 de
414 1591 600 1631 finiendo
624 1590 816 1631 Aetolico
844 1590 953 1630 bello
982 1599 1186 1644 ageretur,
1210 1589 1433 1643 (affuerant
1458 1588 1570 1628 enim
1595 1586 1752 1641 legati9

132 1638 193 1660 sus.
339 1662 474 1702 nuper
491 1646 720 1687 Heracleae
743 1646 920 1686 concilio
939 1646 1225 1686 Romanorum
1243 1643 1596 1699 Aetolorumque)
1612 1658 1721 1683 nun-

340 1704 421 1744 tius
450 1703 631 1751 affertur,
655 1702 952 1742 Machanidam
977 1702 1269 1757 Olympiorum
1299 1701 1484 1741 sollenne
1513 1700 1720 1740 ludicrum

338 1768 530 1814 parantes
553 1759 677 1799 Eleos
699 1757 869 1812 aggredi
890 1757 1089 1797 statuisse.
1152 1757 1509 1797 Praevertendum
1530 1757 1573 1796 id
1594 1765 1718 1805 ramS,

339 1816 484 1871 legatis
512 1831 606 1856 cum
635 1815 818 1869 benigno
845 1828 1042 1868 responso
1067 1813 1257 1861 dimissis,
1291 1819 1359 1852 ‘se
1388 1828 1526 1867 neque
1555 1827 1720 1852 causam

341 1878 353 1896 ‘
369 1873 457 1912 eius
487 1872 584 1912 belli
614 1872 751 1919 fuisse,
781 1885 859 1910 nec
889 1885 1046 1910 moram
1077 1870 1129 1923 (si
1158 1869 1283 1910 modo
1315 1884 1448 1923 aequa
1475 1877 1518 1908 et
1547 1868 1722 1908 honesta

341 1929 609 1969 ‘conditione
642 1926 784 1981 liceat)
816 1926 909 1981 paci
941 1926 1173 1974 facturum,’
1201 1941 1296 1966 cum
1325 1925 1521 1980 expedito
1554 1925 1718 1980 agmine

339 1985 547 2039 profectus
582 1999 657 2039 per
690 1983 920 2031 Boeotiam,
954 1982 1141 2037 Megara,
1173 1990 1297 2036 atque
1334 1982 1432 2022 inde
1467 1980 1720 2022 Corinthum

340 2041 567 2081 descendit.
631 2040 772 2088 Unde,
795 2039 1094 2079 commeatibus
1123 2038 1308 2093 sumptis,
1331 2038 1533 2078 Phliunta
1553 2037 1721 2078 Phene-

340 2113 494 2153 umque
530 2097 645 2153 petit.
710 2096 766 2137 Et
800 2096 895 2144 iam,
928 2110 1059 2150 quum
1096 2094 1305 2135 Heraeam
1340 2095 1531 2143 venisset,
1562 2094 1720 2144 audito,

384 2227 401 2254 5
428 2218 579 2245 Toronem
601 2220 647 2245 est
666 2215 847 2253 profectus]
876 2214 1008 2244 Glarea-
1052 2214 1183 2252 recepit,
1210 2213 1275 2242 sive
1304 2217 1350 2243 est
1376 2213 1551 2251 profectus,
1577 2211 1720 2250 spurium

341 2269 412 2293 nus',
434 2257 591 2296 Sigonius,
608 2256 789 2286 Gronovius
810 2256 923 2285 merito
947 2256 1008 2294 legi
1054 2266 1130 2285 esse.
1177 2255 1219 2284 Et
1242 2265 1316 2284 sane
1333 2255 1409 2292 quid
1427 2254 1587 2283 desideres
1606 2254 1638 2282 in
1659 2253 1720 2283 hac

341 2300 449 2329 iubent
471 2300 656 2331 Throniumq
673 2299 757 2336 quod
781 2297 937 2336 oppidum
962 2301 1009 2327 est
1054 2296 1194 2326 oratione
1209 2300 1221 2326 1⁴
1256 2298 1300 2325 Ei
1316 2297 1447 2325 Attalus
1459 2297 1563 2334 primo
1580 2297 1697 2325 Oreum
1708 2308 1719 2331 ,-

342 2341 486 2371 Locridis
502 2341 589 2370 haud
607 2341 717 2379 procul
734 2340 774 2368 ab
792 2340 932 2377 Opunte.
965 2340 1008 2368 At
1052 2340 1137 2375 inde,
1168 2349 1263 2378 quum
1288 2339 1383 2375 filma
1417 2339 1580 2367 accidisset
1604 2360 1611 2367 .
1629 2360 1635 2367 .
1653 2360 1661 2366 .
1684 2338 1720 2366 in

342 2383 469 2412 Torone
499 2383 539 2412 ad
570 2382 773 2411 Toronaeum
811 2381 917 2410 sinum
948 2381 1009 2410 sita
1051 2382 1161 2409 Asiam
1181 2382 1315 2410 traiecit.
1341 2380 1446 2410 CREV.
1493 2380 1598 2408 Voces
1618 2389 1650 2409 se
1671 2389 1719 2409 re-

341 2429 399 2461 cst,
423 2424 648 2455 Macedoniam
675 2433 788 2453 versus.
835 2422 891 2451 Bis
918 2427 949 2452 et
975 2422 1007 2452 in
1052 2424 1134 2461 cepit
1150 2422 1268 2451 delevit
1286 2422 1424 2451 Bekker.

341 2466 378 2495 iis
391 2477 472 2504 quae
485 2469 661 2504 sequuntur
672 2465 758 2494 idem
770 2474 888 2494 nomen
902 2474 1007 2494 emen·
1098 2472 1112 2502 7
1140 2465 1251 2494 Thebis
1267 2463 1474 2499 Phthioticis]
1502 2462 1629 2492 Novem
1646 2464 1720 2491 sunt

341 2509 482 2537 dandum
511 2507 656 2538 occurrit.
680 2508 784 2537 szv.
833 2507 1007 2536 Thronium
1053 2505 1306 2544 oppi‹la,quibus
1319 2515 1435 2534 nomen
1447 2504 1631 2534 Thebarum
1642 2503 1719 2533 olim

342 2549 393 2578 hie
430 2554 526 2588 atque
560 2549 653 2586 infra,
682 2549 736 2578 ubi
771 2550 890 2579 Torone
920 2549 1007 2586 apud
1051 2547 1207 2576 tributum
1245 2551 1301 2577 est.
1337 2547 1533 2576 RHENANUS.
1571 2546 1611 2576 cf.
1648 2545 1719 2576 infr.

341 2595 483 2620 nostrum
508 2591 634 2630 legitur,
660 2591 693 2620 in
717 2593 842 2620 textum
868 2589 1008 2628 reposuit
1053 2589 1165 2618 xxxiii.
1185 2597 1212 2627 5.

343 2631 482 2662 Bekkcr.
1095 2632 1112 2660 8
1135 2632 1242 2661 Salem
1260 2631 1315 2667 iis]
1342 2630 1471 2668 Nempe
1487 2629 1582 2659 urbis.

384 2673 403 2703 6
426 2676 470 2703 Et
485 2675 616 2704 Attalus
636 2675 740 2712 primo
764 2675 882 2704 Oreum
905 2684 937 2704 se
959 2684 1006 2704 re·
1094 2682 1113 2712 9
1136 2673 1313 2711 Affziermzt
1333 2673 1414 2702 enim
1438 2672 1552 2710 leyati]
1578 2680 1619 2701 sc.
1643 2670 1718 2699 Pto-

341 2716 439 2752 cepit]
466 2715 587 2745 Omnes
607 2716 715 2753 scripti
733 2717 850 2746 Oreum
872 2719 917 2745 est
934 2725 1007 2753 pro·
1052 2714 1169 2743 lemaei
1199 2717 1231 2743 et
1258 2713 1472 2749 Rhodiorum,
1498 2712 1552 2751 qui
1583 2711 1718 2742 concilio

334 2756 452 2793 seclus.
497 2756 684 2794 Suspicatur
719 2767 783 2786 non
816 2756 1007 2795 improbabi-
1052 2756 1273 2785 Romanorum
1319 2755 1570 2793 Aetolorumque
1615 2753 1717 2783 Hera-

342 2796 415 2826 liter
445 2796 638 2833 Gronovius,
667 2801 850 2836 utrumque,
880 2798 945 2827 sive
976 2808 1008 2828 se
1053 2797 1139 2827 eleae
1155 2797 1265 2827 habito
1280 2797 1449 2826 affuerant.
