1877 3178
352 125 433 163 366
855 119 1003 162 TITI
1043 120 1219 163 LIVII

146 217 191 248 U.
208 217 246 247 C.
270 226 340 256 543·
354 209 540 259 busdam,
574 218 620 251 ut
650 210 867 251 confestim
890 210 1197 251 Hasdrubalem
1219 218 1554 266 consequeretur,
1576 225 1728 268 anceps

145 260 184 290 Α·
209 260 246 290 C.
270 269 342 300 ²09·
354 267 398 307 id
419 275 543 317 ratus,
566 283 617 308 ne
642 267 772 324 Mago
793 277 917 324 atque
939 268 1041 308 alter
1063 267 1299 309 Hasdrubal
1322 283 1417 308 cum
1439 283 1488 309 eo
1509 268 1758 324 iungerentS

354 325 504 380 copias,
526 325 732 380 praesidio
754 334 914 366 tantum
936 325 989 366 ad
1010 325 1277 366 insidendum
1299 325 1561 381 Pyrenaeum
1591 326 1726 375 misso,

354 382 440 438 ipse
466 382 673 437 reliquum
702 383 865 424 aestatis
895 382 1144 438 recipiendis
1174 383 1219 422 in
1248 382 1374 423 fidem
1398 381 1625 438 Hispaniae
1654 398 1729 438 po·-

353 439 462 495 pulis
484 440 722 495 absumpsit.

144 507 341 537 Hasdrubali
411 496 561 537 Paucis
585 506 677 552 post
697 496 900 553 proelium
922 496 1077 537 factum
1098 496 1150 537 ad
1173 496 1395 537 Baeculam
1417 496 1576 545 diebus,
1599 511 1729 552 quum

147 550 192 580 H.
210 550 246 597 ,Ε
264 560 296 580 se
358 553 509 610 Scipio,
531 554 696 595 rediens
727 554 805 594 iam
830 554 1122 603 Tarraconem,
1145 554 1251 594 saltu
1275 553 1567 595 Castulonensi
1588 568 1730 594 exces-

146 596 343 664 ῗῗὲζὲἲὲξὲῗ
354 611 483 660 sisset,
518 611 756 652 Hasdrubal
790 611 985 665 Gisgonis
1016 611 1125 651 filius
1151 620 1194 652 et
1221 611 1350 667 Mago
1380 611 1646 666 imperatores
1675 625 1729 651 ex

147 677 187 707 G.
206 678 242 707 F.
259 681 291 707 et
354 668 546 709 ulteriore
585 668 790 724 Hispania
824 665 886 709 ad
914 668 1219 709 Hasdrubalem
1259 684 1422 718 venere,
1459 683 1596 709 serum
1636 676 1730 724 post

145 720 255 759 Mago.
354 725 459 766 male
490 735 648 782 gestam
676 741 762 767 rem
791 725 1015 774 auxilium3
1048 726 1219 767 consilio
1241 727 1283 766 in
1305 734 1442 766 cetera
1462 725 1730 781 exsequenda

353 782 451 823 belli
488 783 600 823 haud
634 799 779 839 parum
811 783 1044 839 opportuni.
1108 783 1172 824 Ibi
1203 783 1522 832 conferentibus,
1552 782 1655 838 quid
1684 782 1730 823 in

353 840 553 895 cuiusque
575 841 810 895 provinciae
833 841 1000 895 regione
1018 840 1248 880 animorum
1267 839 1467 896 Hispanis
1483 848 1602 889 esset,
1621 854 1729 880 unus

354 896 592 938 Hasdrubal
631 897 839 952 Gngonis,
877 897 1064 938 ultimam
1101 897 1329 953 Hispaniae
1370 913 1495 947 oram,
1533 912 1639 952 quae
1675 896 1729 937 ad

356 953 572 995 Oceanum
595 963 637 995 et
660 954 800 995 Gades
822 955 966 1009 vergit,
989 955 1172 1009 ignaram
1199 955 1335 995 adhue
1358 955 1644 995 Romanorum
1665 968 1729 994 es-

148 1016 328 1063 Poeucgrum
353 1026 409 1059 se,
438 1027 571 1066 eoque
605 1010 1020 1067 Carthaginiensibus
1050 1011 1145 1051 satis
1175 1012 1314 1061 fidam,
1346 1013 1549 1053 censebat.
1612 1011 1729 1052 Inter

146 1059 286 1089 consum.
355 1067 660 1109 Hasdrubalem
692 1068 867 1108 alterum
898 1076 940 1109 et
971 1068 1198 1123 Magonem
1231 1070 1455 1117 constabat,
1490 1068 1728 1109 ‘beneficiis

354 1130 364 1147 ‘
381 1125 586 1180 Scipionis
607 1134 828 1181 occupatos
849 1125 1037 1166 omnium
1068 1125 1226 1166 animos
1256 1126 1421 1181 publice
1450 1126 1727 1181 privatimque

354 1187 491 1223 ‘esset
534 1198 611 1223 nec
648 1183 959 1223 transitionibus
994 1183 1120 1223 finem
1157 1191 1252 1223 ante
1288 1182 1387 1231 fore,
1425 1197 1548 1238 quam
1585 1197 1729 1223 omnes

353 1239 560 1295 ‘Hispani
591 1240 743 1281 milites
773 1250 844 1281 aut
874 1240 916 1280 in
948 1239 1095 1280 ultima
1120 1239 1347 1295 Hispaniae
1379 1240 1518 1288 amoti,
1546 1248 1617 1280 aut
1647 1247 1730 1280 tra-

352 1297 492 1338 ‘ducti
514 1298 557 1337 in
582 1297 761 1338 Galliam
782 1298 929 1338 forent.
997 1296 1158 1353 Itaque,
1182 1297 1342 1338 etiamsi
1364 1306 1529 1338 senatus
1553 1296 1729 1338 Cartha-

353 1354 629 1409 ‘giniensium
670 1370 754 1395 non
796 1355 1034 1403 censuisset,
1073 1354 1258 1395 eundum
1300 1363 1438 1395 tamen
1475 1353 1760 1397 Hasdrubali6

353 1412 499 1452 ‘fuisse
531 1412 573 1452 in
595 1412 771 1461 Italiam,
795 1412 865 1452 ubi
888 1412 984 1453 belli
1006 1421 1130 1468 caput
1160 1427 1382 1467 rerumque
1414 1427 1573 1452 summa
1594 1420 1725 1460 esset3

353 1473 365 1490 ‘
378 1469 513 1518 simul,
536 1479 582 1509 ut
605 1469 814 1525 Hispanos
836 1484 978 1510 omnes
1003 1469 1147 1525 procul
1178 1470 1228 1510 ab
1256 1470 1424 1510 nomine
1450 1468 1655 1525 Scipionis
1675 1483 1728 1509 ex

355 1525 584 1582 ‘Hispania
614 1527 848 1567 abduceret.
913 1527 1155 1567 Exercitum
1187 1527 1287 1575 eius,
1314 1542 1444 1582 quum
1477 1525 1728 1567 transitioni-

355 1583 466 1631 ‘bus‚
505 1592 593 1623 tum
627 1584 796 1624 adverso
837 1584 994 1639 proelio
1030 1585 1311 1633 imminutum,
1348 1583 1545 1639 Hispanis
1578 1583 1760 1639 repleri7

355 1640 588 1680 ‘militibus
652 1640 708 1680 Et
740 1640 981 1696 Magonem,
1016 1641 1267 1681 Hasdrubali
1302 1640 1497 1696 Gisgonis
1529 1640 1615 1681 filio
1647 1649 1729 1681 tra-

356 1697 467 1737 ‘dito
489 1697 687 1745 exercitu,
711 1698 845 1752 ipsum
867 1713 961 1737 cum
990 1698 1137 1752 grandi
1168 1699 1345 1753 pecunia
1375 1698 1427 1738 ad
1456 1697 1730 1739 conducenda

356 1754 570 1795 ‘mercede
599 1754 753 1794 auxilia
780 1755 823 1794 in
846 1754 1028 1795 Baliares
1060 1755 1267 1795 traiicere:
1304 1755 1608 1795 Hasdrubalem
1632 1754 1729 1794 Gis-

356 1817 367 1834 ‘
380 1812 498 1865 gonis
520 1827 614 1852 cum
636 1811 822 1852 exercitu
842 1812 1008 1866 penitus
1029 1811 1072 1851 in
1094 1811 1353 1852 Lusitaniam
1385 1812 1509 1860 abire,
1532 1827 1609 1852 nec
1631 1826 1726 1851 cum

356 1874 366 1891 ⁶
383 1868 582 1909 Romanis
604 1884 749 1909 manus
770 1884 996 1909 conserere.
1049 1867 1293 1909 Masinissae
1316 1883 1367 1909 ex
1389 1869 1502 1909 omni
1524 1868 1725 1923 equitatu,

356 1926 493 1980 ‘quod
523 1926 680 1966 roboris
711 1934 828 1974 esset,
852 1926 929 1966 tria
959 1925 1088 1965 millia
1114 1926 1302 1981 equitum
1328 1925 1512 1981 expleri3
1546 1939 1726 1980 eumque

356 1990 528 2038 ‘vagum
559 1998 633 2038 per
657 1983 890 2023 citeriorem
913 1982 1160 2038 Hispaniam
1192 1983 1311 2023 sociis
1341 1997 1463 2038 opem
1493 1982 1610 2031 ferre,
1632 1982 1758 2023 hos-8

356 2040 483 2080 ‘tium
515 2040 668 2096 oppida
697 2049 821 2095 atquc
853 2055 969 2095 agros
999 2039 1212 2095 populari.'
1272 2039 1352 2080 His
1373 2039 1560 2089 decretis,
1583 2038 1635 2079 ad
1655 2054 1729 2080 ex-

353 2097 578 2152 sequenda,
601 2112 707 2152 quac
736 2106 976 2146 statuerant,
998 2097 1125 2137 duces
1145 2097 1327 2152 digressi.
1390 2095 1508 2137 Haec
1538 2111 1588 2137 eo
1618 2111 1728 2138 anno

354 2154 397 2194 in
421 2154 626 2210 Hispania>
645 2162 745 2195 acta.

412 2211 572 2252 Romae
602 2212 710 2252 fama
737 2211 941 2267 Scipionis
972 2212 1015 2251 in
1046 2211 1134 2252 dies
1164 2226 1357 2252 crescere.
1420 2210 1547 2251 Fabio
1569 2210 1728 2252 Taren-

354 2277 441 2308 tum
474 2277 641 2324 captum
672 2278 761 2309 astu
792 2269 933 2323 magis,
957 2283 1080 2323 quam
1102 2268 1267 2317 virtute,
1289 2268 1442 2324 gloriae
1466 2277 1605 2309 tamen
1625 2282 1724 2309 esse.

354 2325 489 2366 Fulvii
517 2341 730 2366 senescere
761 2325 880 2366 fama.
943 2325 1166 2366 Marcellus
1198 2325 1322 2366 etiam
1359 2325 1528 2367 adverso
1563 2339 1726 2366 rumore

390 2492 407 2521 5
423 2484 529 2521 Atque
539 2483 620 2512 aller
630 2481 834 2517 Hasdrubal]
855 2480 927 2509 Vox
939 2481 1019 2510 alter
1063 2484 1144 2510 tere.-
1165 2490 1246 2518 quae
1263 2490 1322 2509 vox
1340 2481 1417 2510 latet
1430 2480 1665 2519 quodammodo
1680 2479 1725 2509 in-

355 2535 393 2553 ex
410 2524 592 2554 coniectura
607 2522 760 2554 Gronovii
777 2522 809 2551 in
824 2525 949 2552 textum
965 2523 1019 2551 ad-
1064 2522 1152 2551 clusa
1178 2522 1209 2551 in
1234 2523 1277 2559 τῷ
1301 2523 1453 2559 eundum,
1476 2523 1560 2561 quod
1582 2522 1614 2552 in
1638 2532 1726 2561 prae-

356 2566 450 2596 missa
473 2570 539 2596 est:
568 2566 621 2595 sed
645 2575 696 2604 ap.
714 2565 854 2595 Bekker.
879 2564 1021 2603 aliosque
1065 2564 1189 2594 cedenti
1205 2565 1347 2594 membro
1363 2564 1525 2603 reperitur.
1549 2565 1654 2595 ΟΜΝ.

355 2609 461 2638 locum
478 2618 541 2637 non
558 2607 688 2637 invenit.
1106 2608 1125 2636 8
1154 2607 1336 2637 Citeriorem
1358 2608 1568 2646 Hispaniam]
1614 2607 1726 2641 Quum

398 2649 417 2679 6
440 2652 515 2680 Non
536 2651 722 2687 censuisset]
757 2649 877 2679 Contra
892 2649 1021 2688 quidem
1065 2648 1116 2678 hic
1133 2648 1233 2678 Poeni
1254 2649 1435 2687 loquantur,
1451 2659 1499 2684 ea,
1515 2659 1596 2688 quae
1612 2648 1727 2678 dicitur

356 2702 439 2729 supr.
458 2691 545 2722 xxiii.
563 2700 610 2730 27.
631 2693 764 2722 allatum
788 2692 882 2721 fuisse
905 2702 924 2721 a
946 2692 1021 2722 Car·
1065 2692 1209 2721 hocloco
1224 2692 1351 2722 citerior
1364 2691 1533 2730 Hispania,
1549 2690 1725 2730 intelligen-

356 2733 485 2771 thagine
507 2734 651 2770 traditur,
666 2735 686 2748 ‘⁶
700 2738 735 2763 ut
752 2734 937 2763 Hasdrubal
960 2734 1019 2772 pri<
1065 2734 1105 2763 da
1132 2733 1256 2763 videtur
1281 2744 1374 2771 quam
1405 2733 1543 2763 Romani
1570 2733 1726 2762 vocabant.

357 2784 409 2803 mo
426 2784 550 2812 quoque
565 2778 709 2814 tempore
732 2775 763 2804 in
788 2775 917 2806 Italiam
934 2785 1019 2805 exer-
1063 2777 1254 2812 ulteriorem,
1269 2785 1385 2815 nempe
1405 2777 1445 2806 ab
1462 2776 1555 2806 Ibero
1569 2784 1663 2805 amne
1683 2774 1725 2803 ad

357 2816 455 2845 citum
472 2816 634 2846 duceret?
1065 2818 1240 2849 Oceanum.
1264 2818 1368 2849 CREV.

403 2866 419 2895 7
442 2858 572 2895 Repleri
593 2859 761 2895 militibus]
794 2859 917 2897 Supple
932 2870 1018 2898 opor-
