1871 3178
470 101 594 141 Llss.
631 101 820 142 XXVII.
869 102 1013 142 CAP.
1049 106 1113 141 32.
1406 104 1488 143 379

110 188 263 244 Neque
300 190 411 229 enim
448 191 588 230 omnia
623 191 787 231 emebat
826 200 897 230 aut
938 189 1266 236 eblandicbatur‚
1301 189 1372 229 scd
1406 190 1487 230 vim
1508 195 1602 225 Rc.
1630 205 1701 233 5⁴⁴·

109 246 234 286 etiam
257 246 420 299 flagitiis
441 247 686 288 adhibebat:
716 246 1078 302 periculosumque
1102 255 1143 285 ct
1163 246 1260 285 viris
1281 255 1324 285 ct
1344 238 1542 300 paren-A·
1567 239 1604 268 C.
1629 239 1699 267 ²⁰⁸·

110 303 219 343 tibus
240 313 339 351 crat,
362 319 517 344 moram
541 303 805 345 incommoda
825 304 1042 344 severitate
1074 302 1237 342 libidini
1270 303 1405 355 regiae
1432 304 1490 343 fc-

109 360 223 400 cisse.
275 360 359 400 Uni
381 361 505 401 etlam
528 361 705 416 principi
729 361 994 401 Achaeorum
1019 362 1150 399 Arato
1172 359 1367 413 adempta
1388 374 1492 399 uxor

110 417 280 457 nomine
303 417 549 472 Polycratia,
572 433 618 458 ae
640 433 711 473 spe
733 418 938 472 regiarum
962 416 1202 472 nuptiarum
1225 416 1268 456 in
1291 415 1492 456 Macedo-

110 474 222 513 niam
245 484 450 529 asportata
469 474 613 515 fuerat.

169 530 251 570 Per
272 531 373 572 haec
394 531 550 586 flagitia
573 530 749 572 sollenni
773 531 1031 572 Nemeorum
1063 538 1243 586 peracto,
1265 529 1491 585 paucisque
1507 535 1668 564 Adversus

111 587 264 628 additis
284 588 443 637 diebus,
468 588 627 644 Dymas
648 598 709 629 cst
730 588 949 644 profectus,
973 588 1025 629 ad
1046 587 1298 643 praesidium
1323 586 1494 627 Aetolo·
1508 578 1676 648 ‘iriif‘i'iljici-

111 659 217 692 rum,
241 645 355 699 quod
380 646 430 685 ab
455 644 567 685 Eleis
598 646 776 686 accitum
807 655 1110 701 acceptumque
1142 645 1185 685 in
1216 644 1361 684 urbem
1394 629 1694 697 Cl'assiussinbssli-

111 701 376 742 eiiciendum.
443 702 665 757 Cycliadas
692 703 841 757 (penes
872 718 968 743 eum
997 717 1158 743 summa
1193 701 1357 756 imperii
1388 704 1592 753 erat)deu1·

113 758 358 813 Achaeique
384 759 437 799 ad
460 758 619 815 Dymas
649 760 735 815 regi
765 775 1002 800 occurrere:
1039 768 1079 799 ct
1104 759 1302 799 Eleorum
1334 757 1495 798 accensi

112 814 222 864 odio,
245 815 359 869 quod
384 831 407 856 a
431 816 578 856 ceteris
601 816 782 857 Achaeis
804 817 1093 857 dissentirent:
1129 825 1170 856 et
1191 815 1341 856 infensi
1366 814 1497 855 Aeto-

112 871 174 920 lis,
207 887 310 926 quos
343 872 582 913 Romanum
617 888 785 928 quoque
822 874 1017 914 adversus
1049 888 1091 913 se
1129 873 1303 913 movisse
1340 871 1496 912 bellum

113 928 349 969 credebant.
412 929 594 970 Profecti
628 932 678 971 ab
708 931 872 986 Dymis,
895 931 1120 971 coniuncto
1148 930 1335 970 exercitu
1367 938 1498 969 trans-

113 994 215 1026 eunt
237 985 425 1027 Larisum
454 1002 632 1035 amnem,
656 988 729 1042 qui
753 987 903 1028 Eleum
935 1003 1079 1042 agrum
1111 988 1162 1027 ab
1185 987 1376 1042 Dymaeo
1398 985 1498 1025 diri-

113 1043 201 1083 mit.
264 1043 453 1084 Primum
479 1043 604 1093 diem,
627 1060 711 1099 quo
743 1045 846 1085 fines
877 1045 1059 1085 hostium
1090 1044 1260 1098 ingressi
1291 1051 1400 1091 sunt,
1423 1057 1498 1097 po-
1574 1040 1639 1075 32-

113 1099 298 1153 pulando
320 1101 650 1155 absumpserunt.
713 1102 887 1142 Postero
909 1102 975 1141 die
1006 1101 1092 1141 acie
1126 1101 1325 1140 instructa
1351 1099 1405 1139 ad
1430 1113 1498 1138 ur-

115 1157 211 1196 bem
247 1168 520 1206 accesserunt,
555 1159 789 1212 praemissis
825 1159 1062 1212 equitibus3
1098 1158 1183 1212 qui,
1216 1155 1499 1211 obequitando

115 1213 256 1268 portis,
280 1224 516 1269 promptum
540 1214 592 1254 ad
614 1216 878 1255 excursiones
903 1230 1035 1269 genus
1056 1214 1303 1254 lacesserent
1326 1212 1499 1253 Aetolo-

116 1285 220 1310 rum.
284 1270 549 1325 Ignorabant‚
583 1271 813 1326 Sulpicium
845 1287 938 1312 cum
971 1271 1212 1326 quindecim
1243 1270 1416 1310 navibus
1447 1269 1498 1309 ab
1512 1275 1674 1315 Sulpicius

117 1326 339 1382 Naupacto
364 1327 572 1383 Cyllenen
603 1329 820 1377 traiecisse,
844 1338 898 1378 et,
921 1328 1119 1383 expositis
1141 1328 1182 1367 in
1206 1337 1355 1367 terram
1378 1335 1499 1381 quat·
1512 1319 1672 1390 &yllff'fffn

117 1393 211 1425 tuor
232 1384 414 1425 millibus
431 1395 694 1434 armatorum,
718 1386 883 1426 silentio
906 1386 1050 1433 noctis,
1068 1400 1120 1425 ne
1144 1384 1328 1439 conspici
1350 1398 1499 1438 agmen
1528 1370 1613 1390 ¹⁶¹¹ss
1632 1384 1639 1391 ’

116 1450 268 1496 posset,
291 1442 462 1482 intrasse
486 1442 608 1483 Elim.
662 1442 810 1497 Itaque
832 1442 1053 1497 improvisa
1074 1457 1138 1481 res
1159 1442 1373 1496 ingentem
1396 1439 1500 1479 inie-

117 1499 174 1538 cit
211 1508 422 1548 terrorem,
458 1509 678 1554 postquam
715 1500 823 1539 inter
858 1499 1031 1539 Aetolos
1068 1498 1275 1553 Eleosque
1309 1497 1501 1536 Romana

117 1555 235 1609 signa
265 1565 389 1611 atque
421 1571 534 1597 arma
564 1571 806 1611 cognovere.
872 1556 926 1595 Et
952 1556 1087 1611 primo
1109 1555 1293 1609 recipere
1315 1569 1409 1593 suos
1430 1568 1501 1593 vo·
1515 1561 1587 1591 Rex
1605 1560 1701 1590 vinci-

118 1612 251 1653 luerat
283 1628 381 1653 rex:
415 1613 527 1662 dein,
560 1621 771 1653 contracto
802 1613 883 1652 iam
916 1612 1024 1652 inter
1058 1611 1232 1652 Aetolos
1265 1619 1307 1651 et
1341 1609 1501 1650 Trallos
1514 1607 1575 1633 tur.

118 1669 378 1725 (Illyriorum
408 1670 452 1710 id
485 1679 546 1710 est
577 1675 730 1725 genus)
750 1669 990 1718 certamine,
1014 1684 1144 1723 quum
1175 1668 1310 1723 urgeri
1342 1667 1503 1707 videret

119 1742 226 1775 suos,
249 1735 291 1767 et
311 1727 398 1781 ipse
422 1742 494 1767 rex
516 1742 611 1767 cum
634 1726 825 1782 equitatu
854 1727 898 1766 in
929 1726 1142 1766 cohortem
1174 1725 1407 1765 Romanam
1440 1724 1504 1764 in-

92 1813 104 1819 -
119 1784 257 1824 currit.
310 1783 375 1824 Ibi
397 1799 529 1838 equus
550 1784 635 1840 pilo
657 1784 851 1824 traiectus
871 1798 1001 1838 quum
1024 1782 1261 1838 prolapsum
1284 1796 1358 1836 per
1379 1790 1504 1836 caput

119 1855 260 1895 regem
282 1841 507 1890 effudisset,
530 1851 648 1882 atrox
679 1856 821 1896 pugna
852 1840 1061 1895 utrimque
1091 1854 1264 1879 accensa
1292 1848 1366 1887 est,
1390 1848 1431 1878 et
1453 1838 1503 1878 ab

123 1897 323 1938 Romanis
353 1898 512 1953 impetu
545 1899 589 1938 in
622 1913 762 1952 regem
796 1897 917 1946 facto,
944 1907 986 1937 et
1018 1896 1335 1952 protegentibus
1368 1895 1501 1949 regiis.

120 1954 301 2010 Insignis
322 1964 364 1995 et
385 1955 512 2010 ipsius
539 1971 681 2010 pugna.
700 1955 791 2003 fuit,
815 1969 945 2008 quum
974 1953 1102 2009 pedes
1124 1953 1233 1992 inter
1253 1952 1415 2006 equites
1437 1967 1506 1992 co-

121 2021 236 2051 actus
258 2022 365 2052 esset
388 2012 592 2066 proelium
616 2012 732 2051 inire.
796 2011 923 2058 Dein,
942 2025 1073 2064 quum
1105 2009 1186 2048 iam
1212 2009 1345 2062 impar
1375 2017 1506 2048 certa—

122 2083 219 2108 men
241 2076 358 2117 esset,
382 2068 663 2122 caderentque
689 2068 799 2107 circa
826 2082 920 2107 eum
954 2066 1088 2113 multi,
1112 2074 1153 2105 et
1173 2064 1504 2113 vulnerarentur,

121 2133 263 2180 raptus
289 2125 340 2165 ab
369 2125 465 2174 suis,
498 2134 622 2179 atque
659 2123 776 2164 alteri
805 2139 914 2178 equo
942 2123 1132 2169 iniectus,
1164 2121 1282 2175 fugit.
1346 2120 1409 2160 Eo
1437 2120 1505 2160 die

122 2192 254 2222 castra
285 2182 471 2237 quinque
506 2181 635 2221 millia
667 2195 861 2236 passuum
895 2180 945 2220 ab
982 2179 1082 2219 urbe
1121 2177 1317 2218 Eleorum
1355 2177 1504 2232 posuit.

123 2238 297 2279 Postero
314 2239 366 2279 ad
383 2238 594 2279 castellum
611 2238 817 2293 (Pyrgum
835 2238 1004 2290 vocant)
1018 2235 1156 2290 copias
1174 2249 1317 2275 omnes
1334 2233 1504 2274 eduxit:

124 2309 208 2348 quo
229 2296 452 2349 agrestium
474 2295 786 2335 multitudinem
814 2309 909 2334 cum
940 2293 1157 2348 pecoribus
1188 2300 1303 2331 metu
1334 2290 1508 2345 popula-

125 2352 285 2391 tionum
303 2352 557 2406 compulsam
575 2351 773 2391 audierat.
825 2350 929 2390 Eam
946 2349 1203 2389 inconditam
1220 2348 1507 2401 inermemque

125 2407 438 2448 multitudinem
470 2408 603 2462 primo
634 2408 772 2447 statim
799 2416 952 2447 terrore
981 2406 1206 2446 adveniens
1228 2404 1361 2458 cepit:
1396 2418 1510 2443 com-

126 2474 453 2519 pensaveratque
476 2479 524 2504 ea
544 2464 711 2519 praeda,
734 2463 848 2518 quod
879 2462 1132 2518 ignominiae
1155 2460 1208 2500 ad
1231 2460 1342 2499 Elim
1364 2474 1510 2515 accep-

128 2531 215 2562 tum
246 2521 391 2562 fuerat.
454 2520 674 2560 Divideuti
705 2520 903 2575 praedam
933 2518 1200 2573 captivosque
1223 2516 1407 2571 (fuerant
1437 2532 1510 2557 au-

174 2669 184 2688 1
211 2660 237 2687 A
246 2663 314 2687 ralo
335 2658 482 2696 adempla
503 2658 597 2694 teror]
639 2656 690 2685 Ex
709 2656 796 2685 Plut.
842 2665 937 2694 opera
961 2653 1141 2693 respublica
1158 2653 1359 2683 Achaeorum
1383 2652 1512 2685 coaluit.

127 2701 160 2730 in
177 2702 276 2731 Arato
294 2710 399 2729 versus
423 2700 531 2735 finem,
553 2698 700 2737 colligere
723 2698 797 2727 licet
842 2698 947 2727 Ciu-zv,

127 2743 213 2772 hunc
244 2743 392 2778 Aratum,
423 2742 474 2771 eui
510 2751 641 2770 uxorem
678 2739 796 2769 ademit
888 2749 901 2768 2
922 2739 1119 2777 Pera-apul]
1147 2737 1298 2775 Intellige
1315 2741 1411 2776 caput
1427 2737 1513 2775 equi,

129 2785 313 2823 Philippus,
339 2784 435 2814 fuisse
464 2784 599 2813 Aratum
630 2782 798 2818 iuniorem,
845 2791 900 2820 per
916 2781 1001 2819 quod
1024 2785 1055 2810 et
1076 2780 1220 2811 eiusdem
1237 2780 1356 2810 collum
1372 2789 1428 2811 rex
1444 2780 1513 2819 lap-

128 2826 230 2857 filium
261 2826 328 2858 eius
359 2825 461 2865 Arati,
488 2825 577 2856 cuius
608 2824 739 2855 consilio
767 2828 799 2854 et
843 2833 896 2854 sus
911 2828 967 2854 est.
991 2823 1098 2855 (ΔΒΗ.
