1871 3178
557 105 680 145 LIB.
717 105 858 146 XXV.
905 105 1049 146 CAP.
1084 110 1149 147 32.
1464 112 1544 150 269

168 195 338 250 pinquis
359 195 480 235 ctiam
505 195 710 250 inquisitis
738 195 881 236 bonori
905 196 1191 250 przwsidioqne
1215 211 1365 237 nomen
1389 212 1434 237 ac
1458 213 1543 238 me-
1560 212 1601 243 11,
1619 213 1657 243 (5,
1680 222 1750 251 540-

172 253 342 292 moriam
365 253 452 293 eius
473 253 607 293 fuisse.
673 252 765 293 lloc
788 253 964 292 maxime
989 253 1110 292 modo
1131 255 1354 308 Syracusae
1378 264 1537 309 captae:
1557 256 1593 285 Α·
1619 256 1655 286 U·
1679 265 1749 287 ²1²-

172 310 214 349 in
238 310 386 365 quibus
416 310 592 365 praedae
615 319 774 350 tantum
798 310 886 357 fuit,
910 319 1108 364 qnantum
1135 311 1201 350 vix
1224 320 1343 365 capta
1368 311 1541 352 Cartba—

170 367 266 422 gine
290 376 376 407 tum
398 368 549 411 luisset,
573 382 666 408 cum
689 383 771 422 qua
792 367 944 407 viribus
966 368 1108 423 aequis
1129 368 1371 408 certabatur.

229 424 377 464 Paucis
399 434 493 465 ante
516 425 673 473 diebus,
697 439 819 479 quam
845 425 1067 479 Syracusae
1091 435 1347 480 caperentur,
1371 425 1420 466 T.
1441 426 1541 466 Ota·
1555 436 1592 482 T.
1611 437 1717 467 Otaci-

171 481 288 522 eilins
319 497 410 521 enm
444 482 810 536 q11i11‹‘1uerexnil)11s
841 483 1049 536 octoginta
1077 482 1238 523 Uticam
1269 483 1318 523 ab
1342 479 1616 539 Lilybaeo¹1¹¹⁸
1638 480 1706 539 [fti-

173 540 415 579 transmisit:
450 548 489 579 et
508 554 634 593 quum
659 548 752 579 ante
775 539 908 579 lucem
932 536 1095 595 portum
1120 540 1319 587 intrasset,
1337 541 1541 581 onerarias
1555 531 1727 594 {sffiffturnl

171 597 378 637 frumento
399 606 563 636 onustas
588 596 723 651 ccpit3
757 612 1024 652 egressusque
1059 598 1099 637 in
1133 606 1293 646 terram,
1316 597 1632 653 depopula—iicit.

172 663 236 693 tus
266 664 327 693 est
356 654 613 708 aliquantum
647 654 730 708 agri
765 654 871 694 circa
895 654 1075 703 Uticam,
1103 655 1380 710 praedamque
1410 655 1543 695 omnis

170 711 331 763 generis
362 719 470 750 retro
501 711 552 750 ad
584 726 706 750 naves
734 711 828 764 egit.
892 712 1137 767 Lilybaeum
1166 713 1287 752 tertio
1313 713 1394 761 die,
1418 727 1541 767 quam

171 767 266 808 inde
298 768 503 823 profectus
524 776 622 815 erat,
646 783 739 808 eum
762 777 929 809 centnm
953 770 1121 823 triginta
1142 770 1338 810 onerariis
1370 770 1541 810 navibus

169 825 375 865 frumento
406 825 641 880 praedaque
671 826 828 865 onustis
859 826 1003 867 rediit:
1038 826 1164 882 idque
1191 827 1443 867 frumentum
1470 842 1542 867 cx—

171 882 324 937 tcmplo
362 882 581 938 Syracusas
616 883 737 923 misit.
803 883 928 931 Quod
962 884 1003 923 ni
1037 893 1119 924 tam
1152 884 1193 924 in
1226 895 1410 940 tempore
1447 885 1541 925 sub-

168 939 357 988 venisset,
389 939 612 980 victoribus
642 940 841 995 victisque
879 941 1031 996 pariter
1062 942 1291 997 perniciosa
1321 942 1448 982 fames
1479 942 1541 982 in-

168 997 310 1037 stabat.

226 1053 384 1094 Eadem
416 1062 566 1095 aestate
598 1054 640 1094 in
674 1054 889 1110 Hispania,
913 1072 1040 1111 quum
1077 1057 1246 1097 biennio
1277 1057 1403 1097 ferme
1435 1056 1538 1096 nihil
1615 1063 1680 1100 32.

168 1110 391 1152 admodum
432 1112 698 1153 memorabile
740 1114 892 1153 factum
935 1123 1051 1162 essct,
1095 1114 1356 1168 consiliisque
1397 1114 1537 1167 magis,
1554 1117 1747 1165 Resinllis-

169 1184 293 1222 quam
315 1169 450 1217 armis,
473 1169 626 1209 bellum
648 1179 870 1223 gereretur,
896 1170 1073 1210 Romani
1105 1170 1369 1225 imperatores
1390 1171 1538 1224 egressi
1552 1170 1647 1232 ὲῗῗίῐὲω
1661 1172 1711 1199 ge-

169 1225 352 1266 hibernis
384 1226 520 1280 copias
556 1226 873 1266 coniunxerunt.
938 1227 999 1266 Ibi
1032 1227 1246 1267 consilinm
1281 1222 1588 1276 advocatum,
1621 1226 1627 1233 ’

169 1282 438 1337 omniumque
470 1283 512 1322 in
544 1298 672 1322 unum
703 1293 981 1337 congruerunt
1013 1285 1264 1332 sententiam
1299 1285 1465 1339 quando
1487 1285 1539 1325 ad

169 1339 211 1379 id
236 1339 418 1380 locorum
451 1340 493 1379 id
525 1340 647 1380 modo
670 1349 807 1380 actum
829 1350 947 1389 esset,
972 1350 1017 1381 nt
1040 1341 1339 1382 Hasdrubalem
1365 1342 1540 1382 tenden-

171 1404 253 1437 tem
285 1397 325 1436 in
354 1397 514 1437 Italiam
544 1398 793 1446 retinerent3
828 1407 989 1453 tempus
1011 1414 1096 1439 esse
1119 1399 1161 1438 id
1183 1399 1262 1438 iam
1285 1399 1362 1453 agi,
1387 1409 1431 1439 ut
1453 1399 1540 1439 bel-

168 1453 254 1493 lum
285 1454 328 1494 in
359 1454 561 1509 Hispania
591 1455 801 1495 finiretur:
835 1465 877 1495 ct
897 1456 992 1496 satis
1013 1455 1064 1495 ad
1087 1455 1130 1495 id
1152 1456 1299 1496 virium
1317 1456 1539 1496 eredebant

138 1512 395 1560 6acccssisse,
425 1512 570 1566 viginti
601 1512 729 1551 millia
762 1512 1066 1553 Celtiberorum
1098 1528 1146 1552 ca
1176 1513 1311 1553 hieme
1343 1512 1395 1552 ad
1425 1528 1537 1554 arma

168 1568 356 1609 excitata.
418 1568 521 1609 Tres
542 1569 745 1609 exercitus
765 1578 891 1610 crant.
953 1569 1188 1610 Hasdrubal
1213 1570 1408 1625 Gisgonis
1428 1571 1536 1610 filius
1551 1582 1642 1613 Vires
1659 1584 1737 1614 Poe-

169 1634 210 1666 et
233 1625 371 1681 Mago,
395 1625 625 1666 coniunctis
649 1626 790 1666 castris
811 1627 996 1682 quinque
1028 1627 1154 1668 ferme
1187 1627 1347 1667 dierum
1378 1628 1456 1668 iter
1486 1628 1536 1668 ab
1549 1636 1672 1657 norum.

170 1681 369 1723 Romanis
397 1683 576 1723 aberant.
638 1682 813 1738 Propior
833 1693 919 1724 erat
942 1684 1189 1725 Hamilcaris
1217 1684 1324 1725 filius
1351 1684 1538 1725 Hasdru-

139 1739 246 1789 7bal,
264 1748 379 1780 vetus
401 1739 443 1780 in
467 1739 669 1796 Hispania
688 1740 921 1796 imperator.
982 1741 1053 1782 Ad
1075 1742 1218 1782 urbem
1241 1742 1408 1783 nomine
1432 1742 1538 1782 Ani-

166 1796 301 1852 torgin
336 1797 562 1838 exercitum
597 1797 783 1838 habebat.
847 1798 955 1839 Eum
987 1799 1180 1839 volebant
1215 1799 1328 1855 prius
1361 1800 1537 1855 opprimi

165 1853 292 1895 duces
315 1854 516 1895 Romani:
552 1863 593 1895 et
623 1870 714 1910 spes
745 1864 843 1905 erat,
871 1856 966 1896 satis
996 1871 1202 1912 superque
1234 1856 1286 1896 ad
1317 1856 1360 1896 id
1389 1857 1538 1897 virium

165 1926 263 1952 esse.
326 1910 403 1952 Illa
432 1912 609 1952 restabat
639 1927 748 1961 cura,
780 1928 846 1962 ne,
875 1913 965 1954 fuso
996 1929 1044 1954 eo
1075 1913 1265 1970 perculsi,
1298 1913 1399 1954 alter
1431 1914 1538 1954 Has-

166 1968 311 2009 drubal
332 1978 373 2009 et
395 1968 535 2024 Mago,
558 1970 601 2009 in
622 1969 731 2010 avios
752 1970 877 2011 saltus
903 1980 1146 2026 montesque
1169 1971 1414 2026 recipientes
1435 1986 1535 2021 sese,

165 2025 320 2066 bellum
342 2026 616 2067 extraherent.
681 2026 897 2082 Optimum
928 2028 1054 2080 igitur
1079 2028 1167 2076 rati,
1191 2028 1330 2068 divisis
1351 2028 1535 2069 bifariam
1549 2042 1717 2081 Scipiones

165 2083 305 2138 copiis,
329 2083 454 2124 totius
475 2084 597 2124 simul
618 2083 845 2139 Hispaniae
867 2081 1060 2140 amplecti
1080 2085 1248 2134 bellum,
1272 2085 1329 2125 ita
1358 2085 1467 2125 inter
1493 2100 1535 2126 se
1549 2085 1722 2132 exercitum

165 2140 405 2190 diviserunt,
430 2150 475 2181 ut
496 2140 542 2181 P.
565 2141 784 2182 Cornelius
804 2142 905 2182 duas
935 2151 1070 2197 partes
1098 2142 1303 2182 exercitus
1326 2141 1537 2183 Romano·
1548 2137 1568 2166 P
1571 2132 1739 2160 artiuntur.

165 2211 257 2237 rum
287 2198 573 2254 sociorumque
604 2198 797 2239 adversus
819 2199 1046 2254 Magonem
1071 2199 1243 2240 duceret
1273 2207 1397 2254 atque
1429 2198 1537 2240 Has-

166 2253 406 2303 drubalem3
443 2254 521 2296 Cn.
544 2255 764 2296 Cornelius
794 2271 889 2296 cum
921 2256 1041 2297 tertia
1069 2265 1185 2312 parte
1206 2256 1355 2297 veteris
1379 2257 1536 2297 exerci-

166 2318 244 2358 tus,
270 2310 488 2352 Celtiberis
519 2312 734 2362 adiunctis,
757 2328 851 2354 cum
882 2313 1141 2354 Hasdrubale
1174 2313 1351 2354 Barcino
1381 2313 1535 2354 bellum

166 2376 338 2422 gereret.
401 2368 498 2408 Una
526 2369 698 2423 profecti
729 2371 849 2411 ambo
871 2370 996 2411 duces
1023 2371 1325 2425 exercitusque,
1351 2370 1536 2411 Celtibe-

166 2424 220 2464 ris
259 2424 651 2479 praegredientibus,
688 2426 741 2466 ad
782 2427 927 2467 urbem
964 2428 1187 2482 Anitorgin
1228 2427 1271 2467 in
1312 2436 1536 2482 conspectu

167 2480 358 2530 hostium,
391 2481 608 2522 dirimente
640 2483 763 2531 amni,
796 2494 957 2538 ponunt
987 2493 1127 2524 castra.
1190 2483 1253 2524 Ibi
1282 2483 1360 2524 Cn.
1383 2483 1534 2539 Scipio,

167 2553 261 2578 cum
293 2538 442 2593 quibus
472 2546 565 2578 ante
597 2538 754 2578 dictum
786 2549 847 2579 est
877 2540 1016 2594 copiis,
1046 2540 1238 2589 substitit,
1265 2550 1306 2580 et
1326 2540 1372 2580 P.
1396 2540 1535 2596 Scipio

166 2595 372 2650 profectus
394 2594 446 2635 ad
466 2594 711 2635 destinatam
732 2595 829 2636 belli
850 2605 1020 2651 partem.

209 2717 229 2750 6
251 2721 303 2749 Ad
318 2730 406 2749 arma
422 2721 573 2757 eoecitata]
603 2721 656 2749 Ad
670 2731 759 2750 arma
775 2732 826 2751 ew·
871 2720 932 2757 tas,
949 2720 1007 2750 nisi
1025 2721 1104 2751 forte
1128 2722 1296 2760 legendum
1320 2722 1359 2752 sit
1381 2723 1534 2755 Conistor-

167 2763 298 2792 citarum
321 2773 360 2792 ex
384 2762 507 2793 emend.
525 2762 663 2792 Gronov.
687 2763 828 2802 reposuit
868 2764 938 2802 9512,
951 2764 1036 2802 qnod
1053 2764 1191 2803 Appian.
1209 2764 1292 2794 Bell.
1310 2764 1405 2804 Hisp.
1422 2773 1472 2805 57,
1485 2767 1536 2806 58,

169 2804 307 2835 Bekker.
872 2810 1037 2838 memorat.
1067 2806 1106 2838 cf.
1123 2806 1225 2838 strab.
1243 2806 1285 2838 iii.
1304 2817 1331 2838 2.
1356 2808 1440 2839 Rufa

211 2846 227 2878 7
252 2847 440 2886 Anum-9571]
471 2846 634 2887 Oppidum
657 2846 768 2878 incerti
791 2847 828 2877 si-
