1877 3178
347 114 427 152 296
845 108 991 150 ΤΙΤΙ
1028 107 1203 149 LIVII

146 215 189 245 U.
206 214 243 245 C.
267 200 590 255 541.‘elusosque
626 215 701 240 nos
737 200 843 240 fame
879 206 1098 247 macerant,
1130 206 1172 238 et
1206 197 1285 253 ipsi
1319 198 1532 239 nobiscum
1567 198 1713 240 ultima

145 258 183 287 A.
208 257 244 287 C·
268 257 557 314 211-‘pericula
587 273 632 298 ae
662 257 919 313 gravissimos
948 256 1106 296 labores
1135 255 1330 310 perpessi,
1352 256 1459 296 circa
1485 255 1635 296 vallum
1666 271 1712 297 ae

353 321 363 337 ⁶
377 316 500 356 fossas
521 330 640 370 saepe
663 314 867 362 trucidati,
890 323 931 354 et
950 328 1076 369 prope
1099 312 1151 353 ad
1171 320 1403 352 extremum
1425 313 1563 353 castris
1583 313 1710 354 exuti.

354 378 365 395 ‘
382 371 465 413 Sed
493 372 638 413 omitto
668 371 781 412 haec.
842 370 975 411 Vetus
996 379 1118 425 atque
1144 369 1296 410 usitata
1324 384 1388 410 res
1418 378 1490 419 est,
1513 371 1556 409 in
1583 386 1714 426 oppu-

354 435 365 452 ‘
377 429 543 485 gnanda
563 429 742 469 hostium
771 429 870 469 urbe
892 428 1048 468 labores
1069 442 1114 467 ae
1134 426 1318 482 pericula
1343 427 1439 482 pati.
1501 426 1612 467 Illud
1631 427 1713 468 irae
1726 436 1747 468 6

354 492 501 542 ‘atque
524 486 607 526 odii
629 485 888 526 exsecrabilis
909 485 1107 525 indicium
1130 493 1201 524 est.
1247 483 1456 524 Hannibal
1479 484 1716 539 ingentibus

355 549 365 566 ⁶
379 543 506 598 copiis
526 543 714 598 peditum
736 543 1006 597 equitumque
1029 550 1159 582 eastra
1178 541 1444 596 oppugnavit,
1467 550 1508 582 et
1527 556 1579 581 ex
1600 551 1715 596 parte

355 606 365 623 ‘
379 601 509 656 cepit:
544 609 658 640 tanto
679 599 862 655 periculo
883 599 987 639 nihil
1016 599 1115 639 moti
1141 607 1236 638 sunt
1258 599 1308 638 ab
1329 597 1553 639 obsidione.
1615 598 1717 638 Pro-

355 658 508 698 ‘fectus
540 666 649 697 trans
680 657 935 697 Vulturnum
965 656 1141 711 perussit
1174 655 1377 695 Calenum
1409 670 1577 710 agrum:
1612 654 1718 695 nihil

355 720 365 737 ⁶
380 723 493 755 tanta
513 714 714 755 sociorum
737 713 850 754 clade
873 713 1029 754 avocati
1053 721 1159 753 sunt.
1225 712 1293 752 Ad
1314 713 1443 768 ipsam
1465 713 1607 753 urbem
1631 712 1718 752 Ro-

356 778 488 812 ί11111111
517 771 665 812 infesta
691 771 806 826 signa
835 771 930 811 ferri
960 770 1098 810 iussit:
1132 784 1221 810 eam
1244 785 1409 825 quoque
1432 777 1718 825 tempestatem

356 829 665 869 ‘imminentem
686 837 938 883 spreverunt.
983 827 1278 881 Transgressus
1300 826 1509 867 Anienem
1530 827 1607 867 tria
1627 825 1720 866 mil-

355 885 432 926 ‘lia
462 901 654 941 passuum
685 886 735 925 ab
766 885 864 925 urbe
896 894 1026 925 castra
1054 884 1213 939 posuit:
1246 892 1453 939 postremo
1478 884 1530 923 ad
1558 883 1721 924 moenia

356 943 466 997 ‘ipsa
497 951 538 982 et
565 942 616 982 ad
647 951 782 997 portas
813 941 991 981 accessit.
1055 941 1231 981 Romam
1262 956 1303 981 se
1335 940 1625 996 adempturum
1657 940 1718 988 iis,

356 1006 366 1023 ⁶
381 1000 458 1039 nisi
479 1000 717 1039 omitterent
741 998 943 1053 Capuam,
966 997 1170 1038 ostendit:
1204 1013 1287 1038 non
1309 998 1544 1038 omiserunt.
1597 997 1720 1038 Feras

357 1056 541 1104 ‘bestias,
564 1070 685 1096 caeco
706 1055 864 1109 impetu
890 1069 936 1094 ae
966 1055 1076 1094 rabie
1099 1055 1333 1102 concitatas,
1356 1054 1387 1094 si
1418 1054 1470 1094 ad
1500 1054 1650 1095 cubilia
1679 1062 1721 1094 et

356 1120 367 1136 ‘
381 1113 536 1152 catulos
557 1127 697 1152 earum
728 1112 785 1152 ire
811 1126 968 1166 pergas,
990 1111 1042 1151 ad
1063 1126 1181 1166 opem
1212 1111 1294 1151 suis
1314 1111 1524 1151 ferendam
1550 1120 1718 1152 avertas.

356 1178 365 1193 ‘
383 1169 593 1209 Romanos
612 1169 748 1209 Roma
768 1169 1043 1216 circumsessa,
1062 1168 1269 1222 coniuges,
1287 1167 1418 1215 liberi,
1436 1183 1612 1222 quorum
1632 1168 1722 1223 plo-

357 1234 365 1250 ‘
380 1236 489 1266 ratus
520 1226 616 1266 hinc
638 1241 764 1282 prope
787 1225 1126 1273 exaudiebantur,
1150 1240 1254 1273 arae,
1276 1224 1368 1272 foci,
1391 1224 1516 1264 deum
1538 1224 1721 1273 delubra,

356 1292 366 1307 ‘
380 1283 566 1339 sepulcra
587 1284 787 1323 maiorum
810 1291 1007 1322 temerata
1027 1297 1073 1322 ae
1094 1282 1254 1330 violata,
1277 1297 1301 1322 a
1324 1280 1471 1336 Capua
1497 1296 1582 1322 non
1610 1295 1723 1322 aver-

357 1347 367 1364 ‘
382 1350 531 1381 terunt.
605 1341 742 1380 Tanta
777 1339 947 1380 aviditas
983 1338 1172 1394 supplicii
1208 1338 1445 1393 expetendi,
1483 1348 1596 1379 tanta
1631 1354 1723 1379 san-

357 1398 516 1452 ‘guinis
551 1397 679 1437 nostri
714 1397 931 1437 hauriendi
967 1406 1028 1436 cst
1064 1396 1160 1436 sitis.
1230 1395 1322 1436 Nec
1358 1396 1508 1435 iniuria
1541 1396 1719 1436 forsitan.

358 1462 368 1478 ‘
384 1455 472 1495 Nos
493 1470 658 1509 quoquc
688 1454 795 1494 idcm
821 1454 1067 1501 fecissemus,
1090 1453 1122 1493 si
1144 1453 1240 1493 data
1269 1453 1433 1493 fortuna
1463 1461 1577 1493 esset.
1641 1452 1723 1493 Ita-

358 1520 368 1535 ‘
382 1527 462 1566 que
481 1511 647 1565 (plaudo
669 1511 786 1551 1111161·
807 1511 884 1551 diis
905 1510 1203 1550 immortalibus
1220 1510 1351 1550 visum
1373 1518 1445 1559 est,
1465 1525 1594 1565 quum
1615 1524 1723 1550 mor-

357 1576 467 1608 ‘tem
496 1584 548 1608 ne
581 1583 766 1608 recusare
789 1567 958 1622 quidem
980 1567 1176 1615 11611611111;
1211 1567 1414 1607 cruciatus
1435 1566 1723 1607 contumelias-

359 1633 477 1680 ‘que,
501 1640 602 1679 quas
629 1634 763 1679 sperat
787 1624 926 1672 hostis,
949 1624 1047 1663 dum
1074 1623 1190 1672 liber,
1213 1624 1311 1664 (111111
1338 1624 1417 1663 11161
1446 1633 1591 1679 potens
1619 1639 1721 1673 sum,

359 1683 563 1737 ‘effugere
594 1691 735 1729 morte,
759 1690 1044 1735 praeterquam
1073 1681 1257 1728 honesta,
1281 1681 1404 1720 ctiam
1427 1680 1521 1729 leni,
1544 1696 1720 1736 possum.

359 1746 369 1763 ‘
385 1738 484 1779 Non
512 1738 660 1778 videbo
683 1738 763 1792 Ap.
791 1737 1014 1777 Claudium
1036 1745 1077 1776 et
1102 1737 1153 1784 Q.
1180 1737 1383 1785 Fulvium,
1415 1738 1585 1778 victoria
1614 1738 1724 1778 inso—

359 1796 483 1836 ‘lenti
515 1795 712 1843 subnisos,
744 1809 880 1848 neque
911 1794 1072 1833 vinctus
1103 1809 1177 1848 per
1208 1794 1353 1833 urbem
1386 1794 1616 1834 Romanam
1653 1795 1756 1841 tri-7

359 1853 527 1907 ‘umphi
556 1851 834 1907 spectaculum
866 1850 1012 1898 trahar,
1041 1859 1087 1890 ut
1112 1850 1261 1890 deinde
1294 1851 1336 1889 in
1367 1865 1541 1900 carcerc,
1573 1859 1644 1891 aut
1671 1851 1723 1891 ad

359 1909 521 1964 ‘palum
544 1909 757 1963 deligatus,
780 1908 955 1948 lacerato
976 1907 1098 1961 virgis
1120 1916 1247 1962 tergo,
1270 1907 1471 1947 cervicem
1488 1908 1619 1948 securi
1637 1907 1723 1948 Ro-

360 1974 527 2006 ‘manae
554 1966 788 2006 subiiciam:
822 1980 898 2004 1166
929 1964 1037 2003 1111111
1067 1963 1316 2019 incendique
1343 1964 1513 2018 patriam
1546 1964 1720 2006 videbo:

360 2030 460 2064 ‘nec
491 2023 577 2078 rapi
613 2022 664 2062 ad
700 2030 885 2076 stuprum
921 2029 1069 2061 matres
1105 2020 1350 2076 Campanas,
1379 2021 1653 2076 virginesque,
1683 2030 1725 2063 et

360 2080 585 2135 ‘ingenuos
612 2094 771 2134 pueros.
835 2077 999 2126 Albam,
1022 2077 1133 2117 unde
1156 2078 1232 2132 ipsi
1254 2077 1417 2118 oriundi
1439 2087 1566 2128 erant,
1589 2094 1612 2118 a
1631 2077 1724 2118 fun-

360 2146 369 2161 ‘
384 2137 586 2177 damentis
627 2145 887 2191 proruerunt,
924 2150 976 2174 ne
1012 2135 1159 2189 stirpis,
1197 2150 1247 2174 nc
1285 2135 1484 2175 memoria
1518 2135 1722 2190 originum
1738 2147 1757 2177 8

360 2202 370 2218 ί
384 2209 547 2234 suarum
570 2201 769 2233 exstaret:
801 2192 954 2232 nedum
977 2206 1046 2232 eos
1062 2192 1230 2246 Capuae
1254 2206 1440 2246 parsuros
1461 2192 1638 2241 credam,
1657 2193 1724 2232 eui

361 2251 623 2297 ‘infestiores‚
657 2265 779 2304 quarn
814 2249 1069 2303 Carthagini,
1102 2257 1207 2288 sunt.
1270 2248 1415 2303 Itaque
1452 2249 1602 2303 quibus
1636 2264 1724 2289 ves-

360 2316 493 2348 ‘trum
516 2316 609 2347 111116
631 2307 713 2346 fato
735 2306 894 2353 cedere,
917 2320 1039 2359 quam
1066 2305 1166 2345 haee
1189 2314 1248 2345 tot
1270 2314 1352 2345 tarn
1378 2306 1523 2346 acerba
1543 2305 1722 2355 videant,

360 2367 427 2405 ‘in
450 2365 586 2405 animo
607 2372 690 2405 cst:
723 2363 771 2402 iis
785 2362 894 2417 apud
916 2377 979 2402 1116
1002 2362 1124 2402 11111116
1142 2362 1285 2417 epulae
1303 2362 1523 2403 instructae
1540 2372 1724 2418 paratae-

362 2429 371 2446 ‘
386 2438 465 2477 que
488 2430 593 2461 sunt.
659 2420 822 2460 Satiatis
836 2419 930 2459 vino
947 2419 1121 2474 ciboque
1139 2419 1333 2474 poculum
1350 2419 1473 2468 idem,
1489 2420 1601 2474 quod
1622 2419 1723 2459 mihi

362 2488 371 2503 ‘
386 2480 527 2519 datum
548 2477 682 2525 fucrit,
706 2476 1038 2517 circumferetur:
1072 2491 1119 2516 ea
1146 2476 1258 2531 potio
1279 2491 1426 2531 eorpus
1456 2477 1506 2517 ab
1527 2477 1721 2526 cruciatu,

403 2628 420 2655 (›
447 2630 546 2665 lllml]
578 2639 618 2658 sc.
640 2628 736 2662 Quod
765 2627 902 2656 Romani
932 2627 1020 2656 nulla
1063 2637 1102 2657 ne
1127 2628 1234 2665 stirps,
1257 2627 1414 2665 quomodo
1438 2626 1555 2656 habent
1583 2629 1722 2656 vetustae

362 2679 393 2698 re
409 2671 448 2698 ab
465 2670 626 2699 obsidione
641 2670 717 2698 moti
735 2673 846 2698 essent.
1065 2668 1228 2701 editiones,
1254 2673 1285 2698 et
1311 2669 1373 2698 duo
1400 2677 1467 2697 MSS.
1494 2679 1575 2697 unus
1601 2668 1721 2697 Grono-

407 2719 420 2747 7
444 2712 608 2749 Salmas-os]
635 2712 664 2741 11.
682 2722 707 2741 e.
733 2711 854 2745 Elatus,
879 2714 910 2740 ut
936 2721 1018 2749 supr.
1065 2711 1126 2747 vio,
1142 2711 1221 2740 alter
1239 2710 1327 2740 nobis
1343 2710 1512 2748 inspectus.
1557 2709 1627 2740 Nisi
1644 2709 1721 2738 forte

364 2763 434 2781 xxv.
454 2763 500 2788 4¹-
518 2755 730 2784 Hannibalem
750 2754 910 2782 subnisnm
928 2754 1017 2783 victo·
1063 2753 1229 2791 legendum
1254 2757 1298 2782 est
1321 2754 1445 2791 stirpes,
1468 2757 1502 2781 ut
1524 2752 1593 2782 infr.
1612 2750 1671 2783 xli.
1692 2751 1720 2779 S.

363 2795 411 2823 ria
430 2796 598 2824 Cannensi.
1063 2794 1191 2832 antique
1208 2805 1265 2833 pro
1279 2796 1383 2832 stirps.
1407 2795 1510 2824 Cnssv.

405 2836 422 2862 S
446 2837 495 2865 Nc
511 2837 633 2873 stirpis]
669 2837 742 2865 Non
762 2837 865 2865 minus
882 2837 1017 2873 placeret
