1877 3178
222 170 265 201 U.
284 171 320 201 C.
343 181 413 211 551.

221 212 257 241 A.
283 213 319 243 C.
344 223 413 244 201.

217 253 390 284 Masinissa.

217 304 312 333 regno
328 296 384 335 Sy-

216 336 328 373 phacis
343 339 395 368 do-

215 381 317 409 natus.

274 562 342 601 45.

212 615 320 654 Scipio
337 618 401 648 Ro-

211 666 296 687 mam
306 668 407 690 rever—

209 708 263 769 s1111s
278 700 387 731 trium-

209 749 230 778 p
255 745 298 772 at.

427 87 508 124 548
940 90 1087 133 TITI
1128 93 1305 135 LIVII

487 169 640 226 Scipio,
663 175 862 217 concione
884 177 1095 230 advocata,
1114 182 1391 235 Masinissam,
1407 187 1461 227 ad
1480 202 1654 243 regnum
1671 199 1807 246 pater-

426 241 527 266 num
567 227 685 270 Cirta
715 232 870 286 oppido
906 243 948 275 et
988 238 1135 279 ceteris
1170 241 1342 283 urbibus
1374 243 1578 299 agrisque,
1610 261 1716 301 quae
1752 263 1805 289 ex

425 297 553 337 regno
597 285 797 341 Syphacis
833 289 876 329 in
908 292 1053 346 populi
1090 294 1271 337 Romani
1303 306 1550 353 potestatem
1582 303 1803 353 venissent,

424 339 606 389 adiectis,
629 343 810 384 donavit.
875 347 953 388 Cn.
976 348 1199 391 Octavium
1225 353 1396 395 classem
1423 356 1467 396 in
1498 356 1681 399 Siciliam
1701 359 1804 401 duc-

424 403 507 435 tam
533 396 612 438 Cn.
636 398 833 441 Cornelio
865 404 1026 444 consuli
1048 407 1209 448 tradere
1231 409 1370 451 iussit:
1404 411 1559 467 legatos
1583 414 1803 471 Carthagi-

422 452 630 494 niensium
654 455 832 497 Romam
860 459 1077 513 proficisci,
1100 471 1159 511 ut,
1181 479 1289 519 quae
1315 467 1365 507 ab
1386 482 1428 508 se
1450 483 1503 509 ex
1524 469 1668 511 decem
1690 471 1802 527 lega-

421 515 558 549 torum
572 513 778 553 sententia
793 522 884 554 acta
897 525 1045 566 essent,
1061 533 1110 559 ea
1122 519 1295 562 Patrum
1312 525 1555 566 auctoritate
1572 527 1799 583 populique

420 563 534 605 iussu
555 568 911 612 confirmarentur.
975 572 1083 615 Pace
1113 584 1222 617 terra
1251 579 1438 634 marique
1460 590 1589 636 parta,
1613 585 1800 626 exercitu

419 619 463 660 in
493 636 617 663 naves
647 624 852 680 imposito,
885 628 927 668 in
963 628 1145 672 Siciliam
1181 633 1428 689 Lilybaeum
1460 638 1630 680 traiecit.
1692 640 1798 683 Inde

419 691 569 732 magna
589 690 703 734 parte
722 682 900 724 militum
917 685 961 725 in
982 688 1155 729 navibus
1172 690 1304 739 missa,
1328 692 1414 747 ipse
1430 708 1505 748 per
1526 694 1675 736 laetam
1696 712 1796 752 pace

417 748 503 773 non
524 736 674 785 minus,
693 753 818 792 quam
834 741 1015 791 victoria,
1035 743 1210 794 Italiam,
1226 748 1364 789 effusis
1384 764 1470 790 non
1486 751 1655 793 urbibus
1673 754 1797 795 modo

416 790 470 829 ad
490 790 703 834 habendos
730 794 919 846 honores,
943 799 1016 839 sed
1044 802 1267 855 agrestium
1292 804 1416 845 etiam
1439 808 1560 848 turba
1580 809 1795 851 obsidente

416 846 513 894 vias,
550 848 728 889 Romam
769 854 970 905 pervenit,
1006 856 1301 913 triumphoque
1342 862 1529 902 omnium
1570 864 1795 908 clarissimo

415 903 561 942 urbem
583 913 645 944 est
665 905 864 948 invectus.
928 910 1108 965 Argenti
1129 914 1225 954 tulit
1245 916 1290 955 in
1311 918 1513 958 aerarium
1535 921 1675 974 pondo
1697 936 1794 963 cen-

415 966 503 998 tum
535 959 664 1001 millia
692 962 840 1017 viginti
872 965 969 1006 tria:
1014 968 1213 1010 militibus
1244 986 1295 1011 ex
1321 973 1476 1027 praeda
1506 976 1793 1032 quadragenos

414 1015 519 1055 aeris
540 1015 689 1057 divisit.
753 1018 892 1061 Morte
910 1022 1142 1065 subtractus
1159 1029 1393 1080 spectaculo
1415 1032 1544 1086 magis
1560 1032 1790 1085 hominum,

413 1085 538 1124 quam
571 1073 862 1129 triumphantis
892 1077 1058 1132 gloriae,
1095 1081 1265 1137 Syphax
1296 1094 1370 1134 est,
1403 1086 1560 1128 Tibure
1591 1089 1703 1130 haud
1736 1091 1793 1132 ita.

412 1127 543 1168 multo
565 1138 660 1170 ante
689 1140 888 1182 mortuus,
912 1150 995 1190 quo
1023 1137 1074 1177 ab
1097 1138 1208 1179 Alba
1236 1141 1448 1183 traductus
1468 1144 1611 1185 fuerat.
1676 1146 1791 1188 Con-

411 1192 552 1237 specta
572 1200 681 1227 mors
702 1196 841 1229 tamen
867 1191 956 1232 eius
977 1192 1067 1241 fuit,
1091 1195 1189 1249 quia
1209 1197 1376 1251 publico
1396 1199 1541 1241 funere
1563 1210 1625 1242 est
1645 1202 1787 1245 elatus.

411 1238 540 1281 Hunc
568 1257 708 1297 regem
736 1245 781 1284 in
802 1246 1014 1302 triumpho
1035 1249 1208 1292 ductum
1230 1253 1442 1310 Polybius,
1465 1256 1788 1314 haudquaquam
1805 1276 1818 1296 1

408 1298 667 1350 spernendus
688 1310 841 1351 auctor,
866 1305 1001 1346 tradit.
1067 1307 1242 1349 Secutus
1267 1310 1505 1366 Scipionem
1528 1314 1788 1371 triumphan-

408 1360 492 1392 tem
510 1362 571 1394 est
587 1356 698 1410 pileo
719 1359 845 1413 capiti
862 1360 1054 1416 imposito
1076 1363 1127 1411 Q.
1145 1365 1368 1408 Terentius
1387 1368 1555 1410 Culleo:
1588 1373 1785 1428 omnique
1802 1389 1818 1410 2

407 1408 560 1450 deinde
596 1412 694 1462 vita,
729 1425 775 1454 ut
815 1416 990 1471 dignum
1026 1428 1125 1469 erat,
1168 1421 1367 1464 libertatis
1400 1434 1611 1467 auctorem
1643 1429 1783 1471 coluit.

407 1464 654 1508 Africanum
689 1485 923 1526 cognomen
956 1475 1142 1517 militaris
1177 1479 1292 1533 prius
1324 1481 1450 1530 favor,
1488 1498 1540 1523 an
1576 1485 1785 1539 popularis

405 1535 504 1561 aura
524 1524 805 1576 celebraverit,
828 1543 893 1578 an,
916 1531 1037 1571 sicuti
1066 1532 1214 1574 Felicis
1245 1535 1382 1578 Sullae
1406 1537 1637 1595 Magnique
1660 1541 1785 1583 Pom-

404 1577 487 1630 peii
504 1588 668 1633 patrum
690 1585 902 1635 memoria,
924 1596 1119 1643 coeptum
1140 1591 1191 1631 ab
1212 1594 1485 1635 assentatione
1507 1596 1697 1638 familiari
1717 1599 1782 1649 sit,

403 1647 549 1686 parum
570 1648 829 1692 compertum
850 1641 994 1683 habeo.
1057 1644 1222 1687 Primus
1243 1658 1354 1690 certe
1376 1650 1444 1691 hic
1466 1652 1688 1707 imperator
1708 1670 1783 1695 no-

403 1689 514 1730 mine
536 1691 668 1733 victae
690 1695 740 1734 ab
769 1710 810 1736 se
831 1699 968 1752 gentis
996 1708 1057 1740 est
1085 1703 1337 1746 nobilitatus.
1401 1706 1607 1764 Exemplo
1628 1710 1780 1752 deinde
1795 1723 1813 1754 3

402 1744 536 1795 huius,
559 1763 824 1805 nequaquam
845 1754 1015 1795 victoria
1034 1771 1164 1810 pares,
1187 1760 1370 1816 insignes
1390 1763 1618 1819 imaginum
1641 1766 1781 1808 titulos

400 1800 593 1858 claraque
615 1808 864 1860 cognomina
884 1810 1063 1853 familiae
1084 1813 1230 1856 fecere.

446 1943 455 1961 1
482 1935 651 1972 Polybius]
680 1936 789 1971 Quem
811 1939 919 1977 adeas,
934 1940 997 1971 xvi.
1019 1951 1065 1973 12.
1109 1944 1237 1984 aliaque
1253 1946 1408 1978 eiusmodi
1425 1960 1489 1980 non
1508 1951 1620 1982 victam
1638 1959 1778 1994 gentem,

399 1974 437 2003 cf.
454 1974 524 2005 infr.
542 1977 653 2006 xxxiii.
675 1987 720 2008 10.
768 1980 940 2018 Polybium
965 1993 1066 2021 usque
1110 1987 1164 2016 sed
1191 1987 1293 2025 illam,
1318 1991 1403 2020 unde
1430 1992 1581 2031 originem
1608 1996 1777 2034 Postumii,

397 2017 437 2045 ad
461 2016 545 2046 hunc
567 2019 688 2047 bellum
712 2022 853 2059 neglexit
876 2023 997 2061 Livius,
1014 2029 1062 2055 ut·
1107 2031 1138 2057 et
1156 2029 1282 2067 Marcii,
1294 2031 1412 2070 aliique
1425 2034 1584 2073 duxerint,
1601 2039 1776 2076 respexisse

398 2061 472 2094 pote
495 2069 558 2088 non
583 2060 780 2100 Romanum,
803 2067 835 2093 et
858 2064 975 2095 idcirco
998 2067 1063 2096 Ro·
1107 2069 1271 2101 existimat
1297 2073 1431 2105 Niebhr.
1456 2075 1474 2105 i.
1498 2087 1528 2106 n.
1555 2085 1643 2117 1227.
1689 2080 1773 2111 Fieri

396 2108 562 2130 manarum
579 2111 684 2132 rerum
703 2114 766 2133 non
787 2115 888 2143 aeque
909 2117 946 2136 ac
964 2108 1063 2138 Grae-
1107 2114 1215 2141 tamen
1229 2117 1345 2151 potest,
1357 2119 1392 2144 ut
1405 2126 1465 2146 vox
1476 2129 1555 2156 yens
1570 2119 1666 2150 latius
1678 2131 1773 2160 quam

396 2151 504 2170 carum
528 2143 677 2180 peritum.
723 2145 785 2175 Sed
811 2147 985 2186 Polybium
1010 2161 1063 2180 au-

395 2186 513 2212 ctorem
528 2185 576 2213 vel
590 2185 761 2224 praecipua
774 2188 837 2218 fide
850 2189 881 2218 in
895 2191 988 2220 rebus
999 2192 1063 2221 Ro-

396 2224 496 2254 manis
512 2226 623 2256 laudat
640 2228 753 2257 Cicero
770 2230 809 2259 de
826 2231 909 2270 Rep.
926 2232 957 2262 ii.
980 2242 1025 2271 14.

438 2275 453 2294 2
477 2268 568 2297 Pileo
599 2270 699 2307 capiti
730 2272 890 2310 imposito]
929 2274 1063 2313 Quippe

394 2306 481 2345 signo
518 2313 665 2347 receptae
696 2312 860 2344 libertatis.
907 2316 945 2345 cf.
978 2326 1062 2356 supr.

394 2348 477 2379 xxiv.
499 2349 544 2380 16.

435 2399 451 2427 3
484 2393 586 2423 Victae
602 2395 640 2422 ab
655 2405 688 2424 se
701 2398 822 2433 yemis]
844 2397 931 2428 Hinc
945 2409 1058 2438 cogno-

391 2432 478 2461 mina
502 2433 570 2470 illa,
594 2436 816 2474 Ifeyillensem,
842 2439 1059 2477 (briolanum,

1108 2155 1258 2191 oppidum
1289 2160 1410 2195 pateat,
1439 2162 1471 2188 et
1500 2160 1577 2190 licet
1604 2162 1774 2194 Africanus

1109 2195 1230 2232 primus
1270 2198 1398 2229 nomine
1438 2203 1544 2238 [sentis
1586 2204 1774 2236 nobilitatus

1106 2236 1212 2274 fuerit,
1236 2248 1298 2268 non
1323 2239 1395 2270 ideo
1422 2245 1529 2272 tamen
1555 2245 1640 2283 capti
1664 2249 1772 2286 oppidi

1106 2279 1235 2309 nomine
1260 2280 1379 2318 priores
1403 2284 1484 2313 nulli
1511 2284 1573 2314 sint
1600 2287 1769 2320 nobilitati.

1108 2319 1268 2358 Equidem
1282 2323 1314 2352 N
1318 2323 1453 2354 iebuhrii
1470 2326 1683 2358 coniecturam
1700 2340 1770 2368 pro-

1103 2362 1241 2392 bandam
1259 2374 1383 2401 censeo,
1401 2377 1464 2397 non
1484 2371 1592 2398 tamen
1615 2370 1676 2400 hoc
1699 2372 1769 2402 loco

1103 2402 1237 2433 nimium
1255 2406 1346 2436 nobis
1360 2407 1527 2439 nitendum
1545 2420 1621 2442 esse.

815 2627 944 2658 1⁵1le
968 2629 1087 2661 TOMI
1115 2632 1337 2665 SECUNDI.
