1825 3173
177 676 245 713 42.

116 730 285 761 Hannibal

113 774 208 803 rebus
224 771 310 811 prius

114 825 211 853 quam
230 824 294 844 ver-

116 857 163 886 bis
179 856 297 886 milites

115 899 269 929 hortatur.

183 1468 250 1504 43.

121 1523 203 1553 Eius
213 1520 322 1552 oratio.

323 135 374 172 38
831 124 977 167 TITI
1020 120 1198 165 LIVII

226 243 240 272 ς
268 245 296 270 4.
326 226 455 274 ‘quas
496 218 596 259 dum
633 223 842 272 superant,
880 212 1108 269 comparari
1149 224 1256 251 nova
1296 206 1454 262 possint
1488 202 1703 260 praesidia.

269 292 298 305 2·
328 284 337 300 ⁶
356 276 440 317 Hic
462 284 524 316 est
544 274 806 321 obstandum,
830 271 995 319 milites,
1018 269 1132 309 velut
1153 267 1185 307 si
1212 273 1306 306 ante
1331 263 1523 303 Romana
1543 259 1708 300 moenia

328 341 338 357 ‘
355 348 600 389 pugnemus.
663 328 965 384 Unusquisque
997 341 1038 367 se
1061 340 1146 365 non
1177 336 1325 377 corpus
1352 333 1487 366 51111111,
1509 317 1583 357 sed
1609 331 1710 356 con-

328 397 340 414 ‘
356 392 496 446 iugem
536 404 583 429 ae
629 388 779 428 liberos
824 399 971 440 parvos
1018 382 1141 422 armis
1180 388 1394 435 protegere
1435 382 1578 430 putet:
1630 387 1709 412 1100

329 447 602 488 ‘domesticas
630 444 762 485 50111111
794 442 922 497 agitet
952 454 1081 488 curas,
1105 437 1177 478 sed
1207 434 1439 476 identidem
1460 431 1540 471 1100
1571 429 1710 469 animo

329 511 340 528 ‘
357 512 534 559 reputet,
557 510 715 542 nostras
736 514 848 539 1111110
871 497 1023 537 intueri
1044 509 1191 535 manus
1212 500 1399 533 senatum
1422 486 1709 544 populumque

330 568 341 585 ⁶
360 561 597 601 Romanum
612 575 621 598 z
656 557 789 612 qualis
805 564 945 595 nostra
959 554 1020 593 vis
1033 553 1246 605 virtusque
1264 547 1399 595 fuerit,
1416 545 1540 585 talem
1557 541 1711 583 deinde

331 624 341 641 ⁶
358 618 566 658 fortunam
582 615 691 655 illius
713 613 825 654 urbis
839 627 885 651 ae
908 609 1091 651 Romani
1112 606 1275 662 imperii
1290 604 1403 645 11110.ἳ

388 675 506 715 Haec
543 672 655 728 apud
696 671 909 710 Romanos
942 665 1097 707 consul.
1161 660 1387 709 Hannibal,
1422 659 1545 699 rebus
1584 655 1711 711 prius,
1728 662 1745 694 7

331 747 456 787 quam
477 730 624 778 verbis,
646 725 925 768 adhortandos
947 723 1099 764 milites
1121 730 1245 768 ratus,
1272 716 1528 759 circumdato
1549 714 1602 754 ad
1622 727 1715 768 spe-

332 788 540 829 ctaculum
582 785 781 832 exercitu,
819 782 1002 837 captivos
1042 787 1261 819 montanos
1301 775 1461 815 vinctos
1496 772 1540 811 in
1575 769 1715 810 medio

332 845 498 893 statuit3
532 843 737 897 armisque
755 839 927 880 Gallicis
943 845 1038 878 ante
1061 850 1204 876 eorum
1220 832 1349 889 pedes
1365 828 1570 886 proiectis,
1588 827 1717 867 inter-

332 917 475 958 rogare
492 902 763 955 interpretem
784 896 913 944 iussit,
929 894 1082 949 ecquis,
1101 893 1135 932 si
1156 889 1330 931 vinculis
1351 889 1568 934 levaretur,
1585 899 1718 925 arma-

333 975 415 1015 que
430 968 472 999 et
486 972 642 1013 equum
658 955 790 995 victor
803 952 1020 1007 acciperet,
1035 950 1246 990 decertare
1260 947 1367 987 ferro
1381 943 1535 985 vellet?
1570 941 1716 988 Quum

333 1016 386 1056 ad
417 1030 548 1056 unum
584 1026 726 1054 omnes
747 1011 901 1051 ferrum
929 1020 1198 1064 pugnamque
1230 1009 1462 1059 poscerent,
1485 1008 1528 1040 01
1557 998 1749 1038 deiectas

332 1074 378 1113 in
399 1073 443 1113 id
463 1087 548 1112 sors
569 1078 686 1117 esset,
705 1084 747 1108 se
765 1067 941 1122 quisque
964 1079 1060 1104 eum
1081 1062 1262 1118 optabat,
1281 1074 1407 1115 quem
1428 1058 1592 1098 fortuna
1609 1055 1653 1095 in
1674 1054 1719 1094 id

334 1138 546 1170 certamen
566 1127 732 1181 legeret.
797 1123 858 1163 Ut
879 1122 1079 1175 cuiusque
1102 1134 1187 1159 sors
1209 1116 1431 1163 exciderat,
1447 1113 1593 1161 alacer,
1611 1112 1720 1152 inter

334 1185 588 1241 gratulantes
609 1181 762 1237 gaudio
790 1179 1013 1226 exsultans,
1037 1191 1133 1217 cum
1154 1175 1217 1215 sui
1247 1173 1373 1213 moris
1394 1169 1586 1225 tripudiis
1607 1183 1721 1209 arma

334 1242 485 1297 raptim
499 1241 698 1296 capiebat.
762 1236 849 1276 Ubi
862 1250 960 1275 vero
977 1233 1235 1279 dimicarent,
1253 1230 1287 1270 is
1300 1229 1464 1269 habitus
1486 1226 1719 1266 animorum
1731 1241 1751 1272 9

335 1314 420 1339 non
437 1299 545 1338 inter
561 1295 747 1337 eiusdem
765 1292 890 1333 modo
907 1289 1157 1332 conditionis
1178 1286 1368 1327 homines
1384 1292 1483 1332 erat,
1501 1282 1575 1323 sed
1595 1282 1721 1322 etiam

336 1357 444 1396 inter
476 1361 711 1409 spectantes
743 1350 880 1404 vulgO,
914 1358 961 1388 ut
997 1362 1082 1387 11011
1119 1343 1377 1386 vincentium
1414 1340 1556 1396 magiS,
1596 1353 1721 1394 quam

335 1413 442 1452 bene
465 1410 744 1456 morientium,
766 1408 932 1447 fortuna
951 1404 1200 1444 laudaretur.

398 1469 542 1516 Quum
575 1467 631 1506 sic
668 1465 826 1519 aliquot
858 1461 1051 1517 spectatis
1086 1459 1254 1514 paribus
1287 1457 1454 1497 affectos
1486 1453 1720 1502 dimisisset,
1738 1470 1749 1490 1

337 1526 536 1567 concione
566 1523 663 1563 inde
696 1521 905 1567 advocata,
932 1519 990 1558 ita
1017 1516 1128 1572 apud
1160 1530 1229 1555 005
1250 1514 1413 1554 loeutus
1445 1512 1597 1551 fertur:
1633 1515 1645 1533 ⁶
1664 1509 1721 1558 Si,

338 1588 350 1604 ‘
367 1597 493 1638 quem
534 1580 717 1620 animum
760 1578 803 1617 in
848 1576 1006 1617 alienae
1047 1573 1166 1613 sortis
1206 1569 1399 1626 exemplo
1445 1567 1586 1623 paullo
1626 1575 1722 1606 ante

340 1648 350 1664 ⁶
369 1638 578 1685 habuistis,
621 1635 803 1676 eundem
849 1648 947 1673 mox
988 1632 1030 1671 in
1078 1628 1335 1670 aestimanda
1380 1627 1547 1666 fortuna
1589 1632 1724 1664 vestra

340 1706 350 1720 ⁸
368 1694 606 1742 habueritis,
621 1692 807 1740 vicimus,
822 1690 990 1730 milites:
1020 1702 1157 1741 neque
1172 1686 1281 1726 enim
1298 1681 1580 1739 spectaculum
1597 1680 1723 1720 modo

341 1764 350 1777 ⁶
370 1753 484 1801 illud,
508 1751 581 1791 sed
612 1749 816 1804 quaedam
837 1746 965 1787 veluti
997 1746 1133 1798 imago
1154 1752 1312 1783 vestrae
1344 1738 1595 1781 conditionis
1622 1745 1720 1777 erat.

341 1818 351 1834 ⁶
371 1811 435 1850 Ac
450 1809 602 1855 nescio,
620 1822 672 1847 an
690 1805 844 1846 maiora
858 1803 1024 1844 vincula
1037 1801 1295 1854 maioresque
1318 1796 1582 1838 necessitates
1594 1794 1722 1843 vobis,

343 1878 352 1890 ⁶
370 1882 495 1922 quam
541 1864 712 1919 captivis
752 1861 908 1908 vestris,
950 1860 1115 1899 fortuna
1166 1853 1499 1897 circumdederit.
1562 1851 1726 1891 Dextra

343 1924 567 1977 ‘laevaque
590 1921 672 1960 duo
695 1919 823 1959 maria
843 1917 1056 1964 claudunt,
1071 1913 1242 1961 nullam,
1260 1927 1313 1952 ne
1336 1911 1388 1951 ad
1409 1909 1609 1964 effugium
1631 1907 1725 1962 qui-

344 1988 353 2004 ‘
371 1981 480 2027 dem,
496 1992 643 2018 navem
661 1975 931 2016 habentibus:
966 1981 1110 2013 eontra
1125 1970 1266 2011 Padus
1283 1968 1426 2016 amnis,
1442 1966 1572 2006 maior
1586 1964 1724 2005 Padus
1738 1981 1755 2001 2

344 2043 355 2061 ‘
372 2053 418 2077 ae
435 2035 654 2076 violentior
671 2032 879 2073 Rhodano
894 2047 903 2075 ς
936 2031 987 2070 ab
1010 2040 1125 2083 tergo
1141 2027 1271 2082 Alpes
1287 2033 1449 2080 urgent,
1467 2023 1538 2063 vix
1554 2021 1725 2077 integris

345 2100 357 2117 ‘
373 2093 486 2134 vobis
507 2107 554 2132 ac
570 2090 806 2145 vigentibus
824 2088 1028 2128 transitac.
1092 2085 1176 2125 Hic
1190 2082 1443 2124 vincendum
1457 2088 1529 2121 aut
1546 2079 1726 2119 morien-

345 2157 355 2174 ‘'
373 2151 486 2198 dum,
505 2148 668 2195 milites,
686 2156 759 2195 051,
778 2146 849 2185 ubi
870 2145 1050 2200 primum
1072 2142 1180 2182 hosti
1195 2138 1438 2181 occurristis.
1502 2136 1558 2176 Et
1578 2135 1726 2176 eadem

347 2214 357 2231 ⁶
374 2207 549 2253 fortuna,
582 2220 687 2259 quae
724 2202 1011 2243 necessitatem
1047 2197 1264 2255 pugnandi
1300 2194 1510 2250 imposuit,
1542 2191 1726 2247 praemia

347 2270 358 2288 ‘
374 2264 488 2304 vobis
516 2277 564 2302 ea
584 2260 806 2301 victoribus
831 2257 1038 2315 proponit,
1062 2251 1212 2311 quibus
1234 2252 1434 2308 ampliora
1457 2249 1646 2290 homines
1671 2263 1724 2289 110

391 2442 405 2472 7
430 2435 536 2463 Rebus
559 2434 670 2471 prins]
706 2431 867 2468 Exemplo
892 2429 1011 2458 scilicet
1060 2428 1185 2457 Poenos
1198 2424 1352 2454 usitatum
1366 2422 1460 2452 fuisse
1477 2422 1571 2451 docet
1587 2419 1725 2451 Casaub.

347 2475 539 2505 fortitudinis
555 2478 629 2504 ante
645 2474 785 2503 militum
798 2473 907 2502 oculos
918 2471 1012 2501 edito.
1058 2470 1097 2499 ad
1115 2469 1202 2498 Suet.
1220 2468 1301 2505 Aug.
1323 2474 1368 2502 13.
1387 2466 1471 2494 RUP.

354 2519 456 2548 bom.
474 2518 512 2547 cf.
532 2518 601 2547 Pol.
620 2517 661 2545 iii.
679 2515 729 2546 62.
1105 2521 1115 2540 1
1144 2512 1247 2546 Quum
1264 2510 1308 2538 sic
1330 2508 1451 2547 aliquot
1471 2505 1619 2544 spectatis
1636 2503 1725 2542 pari-

391 2561 409 2588 S
433 2561 562 2589 Deir-vlo
581 2583 587 2588 .
606 2583 611 2587 .
631 2583 636 2588 .
653 2559 735 2594 sors]
764 2558 803 2587 In
826 2565 935 2585 urnam
961 2564 1015 2583 seu
1062 2554 1134 2589 bus]
1161 2552 1282 2582 Contra
1300 2550 1370 2580 Pol.
1387 2548 1430 2578 iii.
1446 2547 1495 2578 62.
1510 2548 1589 2576 duos
1600 2548 1727 2575 tautum

349 2601 486 2629 sitellam
504 2601 658 2631 coniecta,
675 2610 738 2637 qua
755 2603 876 2628 versata
892 2597 1016 2627 excide·
1062 2595 1241 2626 dimicasse„
1263 2602 1396 2630 quorum
1423 2591 1559 2620 alterum
1588 2586 1727 2626 periisse,

351 2643 424 2670 bant
441 2642 579 2670 tabellae
594 2642 728 2670 sortibus
745 2640 922 2678 inscriptae.
1057 2638 1193 2666 alterum
1210 2634 1410 2673 superstitem
1427 2631 1522 2661 fuisse
1538 2629 1655 2660 scribit.

391 2693 410 2721 1)
437 2685 467 2711 Is
483 2684 609 2711 habitas
625 2684 819 2718 ‹minimi-mn]
840 2682 892 2711 Ita
907 2679 1013 2710 affecti
1102 2688 1117 2707 2
1143 2680 1263 2707 (sonim
1287 2676 1399 2705 I'adus
1418 2674 1537 2709 munis]
1567 2672 1607 2701 111
1631 2669 1726 2709 pluri-

350 2729 421 2753 sunt
438 2724 535 2753 animi
554 2734 616 2751 non
633 2724 727 2752 modo
741 2724 1013 2757 Gallo1·um,e1'1(s-
1058 2722 1117 2749 hus
1139 2720 1229 2748 codd.
1254 2720 1337 2747 eirca
1360 2714 1507 2749 occurrit,
1528 2714 1583 2742 sed
1605 2716 1727 2748 eontra,

349 2767 417 2795 (lem
449 2765 568 2794 >cilicet
601 2766 797 2797 conditionis„
827 2765 880 2793 sed
916 2763 1013 2792 etiam
1058 2762 1142 2799 (mod
1170 2762 1196 2790 Ι.
1219 2758 1400 2789 Gronovius
1424 2755 1576 2794 reposuit,
1601 2758 1727 2783 tantum

355 2808 544 2836 Poenorum.
593 2806 690 2835 1111111·
721 2816 841 2835 morem
873 2805 1016 2842 captivos
1059 2813 1123 2831 non
1140 2812 1250 2831 omnes
1266 2800 1401 2830 editores
1417 2798 1551 2827 malunt.

351 2860 407 2887 pur
420 2849 505 2887 paria
519 2847 690 2877 certamine
704 2846 915 2885 componendi
929 2846 1015 2883 apud
