1871 3178
437 88 560 129 LlB.
595 87 761 128 XXVI.
809 85 952 126 CAP.
986 88 1051 125 26.
1355 88 1427 124 311

64 177 144 218 alio
160 191 349 218 successu
365 192 511 218 rernm.
574 177 819 218 Aetolorum
836 176 1038 230 impetum
1057 174 1284 214 tardaverat
1302 175 1433 228 prinio
1452 186 1490 216 ts.
1508 187 1545 216 (t.
1569 196 1638 224 54¹·

63 234 356 275 coniurationis
388 235 495 275 fama
526 234 832 275 Acarnanicae:
872 232 1023 272 deinde
1055 230 1219 271 auditus
1252 231 1433 285 Philippi
1449 231 1484 259 A.
1509 231 1545 259 (ἓ
1570 238 1639 258 ²¹¹·

63 291 277 340 adventus,
301 292 460 346 regredi
482 292 605 332 ctiam
630 292 668 330 in
692 291 858 331 intimos
879 289 1014 342 coegit
1040 289 1153 328 fines.
1218 287 1308 327 Nec
1336 287 1434 326 Phi-

63 348 213 404 lippus,
237 365 486 404 quanquam,
511 365 560 388 ne
591 348 922 404 opprimerentur
944 346 1197 393 Acarnanes,
1220 344 1435 384 itineribus

64 406 222 460 magnis
244 407 356 455 ierat,
381 406 485 447 ultra
511 406 639 445 Dinni
668 414 728 445 cst
754 418 1000 459 progressus.
1065 402 1182 451 lndc,
1206 416 1334 457 quum
1364 417 1435 441 au-

63 463 190 503 disset
225 463 403 504 reditum
436 463 680 503 Aetolorum
712 476 764 502 cx
796 460 1045 509 Acarnania,
1077 469 1119 500 ct
1155 460 1239 515 ipse
1277 458 1435 499 Pellam

64 520 197 561 rediit.

123 576 342 626 Laevinus,
373 577 476 618 veris
506 576 708 632 principio
739 592 762 616 a
794 575 977 631 Corcyra
1009 575 1215 630 profectus
1250 573 1433 621 navibus,
1512 570 1576 608 26·

65 644 256 690 superato
285 635 467 675 Leucata
488 633 781 690 promontorio,
805 648 935 688 quum
955 633 1133 672 venisset
1156 631 1433 686 Naupactum,
1450 626 1633 685 Anat-»rimu

64 691 310 747 Anticyram
333 691 429 731 inde
451 706 492 732 se
519 691 745 746 petiturum
773 690 917 738 edixit,
941 698 986 730 ut
1007 698 1167 744 praesto
1196 689 1251 729 ibi
1284 688 1435 743 Scopas
1449 673 1620 741 ⁰fl4',¹[,¹xiff{¹,¹sl²‡‚

36 764 49 786 1
67 748 290 804 Aetolique
314 757 459 789 essent.
525 748 611 788 Sita
628 748 831 802 Anticyra
847 756 908 787 est
928 747 971 786 in
994 746 1170 786 Locride
1188 746 1301 786 laeva
1322 755 1435 801 parte

65 806 201 846 sinum
245 805 558 846 Corinthiacum
600 805 857 845 intrantibus.
935 803 1067 844 Breve
1110 812 1216 844 terra
1256 803 1333 843 iter
1373 818 1434 851 eo,

64 863 198 904 brevis
228 863 433 918 navigatio
459 863 509 903 ab
542 862 760 918 Naupacto
791 871 862 902 est.
926 861 1069 901 Tertio
1094 861 1221 901 ferme
1253 870 1344 916 post
1369 859 1435 900 dic

64 920 273 975 utrimque
291 920 520 975 oppugnari
537 930 683 975 coepta
699 929 770 960 cst.
836 918 1011 959 Gravior
1027 935 1050 959 a
1066 919 1166 958 mari
1184 917 1437 974 oppugnatio

65 985 164 1026 crat,
187 977 285 1032 quia
305 986 343 1018 et
368 986 573 1018 tormenta
593 977 892 1031 machinaeque
915 977 1048 1016 omnis
1075 976 1237 1030 generis
1260 976 1302 1015 in
1324 974 1438 1014 navi-

64 1034 142 1075 bus
181 1042 309 1083 erant,
346 1044 388 1076 et
430 1034 608 1075 Romani
648 1034 745 1074 inde
782 1034 1087 1089 oppugnabant.
1150 1032 1296 1088 Itaque
1331 1032 1438 1071 intra

64 1106 217 1147 paucos
244 1091 332 1132 dies
357 1101 523 1148 recepta
547 1092 642 1132 urbs
673 1106 746 1147 per
772 1091 1029 1131 deditionem
1057 1090 1220 1130 Aetolis
1248 1089 1435 1137 traditur,

38 1149 218 1204 „praeda
238 1163 290 1189 ex
314 1158 434 1204 pacto
459 1149 658 1189 Romanis
679 1148 810 1189 cessit.

123 1205 288 1246 Literae
311 1205 496 1246 Laevino
517 1205 714 1254 redditae,
733 1204 943 1245 consulem
961 1219 1056 1245 cum
1078 1205 1289 1245 absentem
1303 1202 1438 1243 decla-

66 1271 214 1311 ratum,
256 1271 298 1303 et
337 1278 613 1303 successorem
652 1262 791 1302 venire
833 1261 879 1301 P.
907 1261 1147 1317 Sulpicium.
1224 1261 1436 1309 Ceterum,

66 1319 263 1360 diuturno
285 1319 341 1359 ibi
372 1320 515 1360 morbo
536 1319 772 1375 implicitus,
795 1319 922 1359 serius
948 1334 1018 1374 spe
1044 1318 1227 1359 omnium
1259 1318 1438 1358 Romam

65 1377 190 1417 venit.
260 1376 320 1417 M.
347 1376 580 1425 Marcellus,
623 1391 752 1431 quum
794 1376 935 1416 Idibus
976 1375 1141 1416 Martiis
1180 1374 1438 1416 consulatum
1454 1383 1496 1413 U.
1515 1384 1551 1413 C.
1574 1393 1644 1422 542·

67 1434 223 1483 inisset,
256 1443 444 1474 senatum
475 1450 524 1475 eo
555 1434 636 1483 die,
668 1433 792 1474 moris
823 1433 946 1474 modo
976 1448 1109 1481 causa,
1142 1432 1309 1472 habuit:
1344 1446 1440 1487 pro·
1453 1427 1490 1498 {⁴1-
1505 1426 1553 1499 ἃ·
1576 1435 1644 1497 ἯῬ·

67 1491 207 1541 fessus,
233 1491 359 1531 ‘nihil
381 1507 435 1540 sc,
458 1492 625 1532 absente
647 1491 815 1545 collega,
834 1506 969 1545 neque
992 1490 1043 1531 de
1065 1489 1287 1545 republica,
1302 1504 1438 1544 neque
1454 1482 1516 1540 ἦν,
1530 1478 1645 1540 fluvi?

70 1553 81 1571 ‘
97 1547 148 1588 de
165 1549 398 1604 provinciis,
416 1557 614 1589 acturum.
679 1548 791 1588 Scire
808 1563 863 1596 se,
878 1547 1116 1603 frequentes
1134 1546 1292 1588 Siculos
1312 1561 1438 1602 prope
1454 1553 1529 1582 lcrio
1547 1552 1594 1583 II.

69 1611 81 1628 ‘
98 1606 240 1646 urbem
270 1605 312 1645 in
333 1605 438 1645 villis
459 1605 778 1646 obtrectatorum
800 1619 967 1645 suorum
988 1619 1086 1645 esse.
1152 1603 1327 1651 Quibus,
1351 1613 1441 1643 tan·
1454 1597 1541 1626 Coss.

70 1668 184 1703 ‘tum
213 1663 365 1711 abesse,
395 1672 440 1702 ut
469 1677 542 1717 per
572 1677 614 1703 se
645 1677 730 1702 non
760 1662 881 1702 liccat
910 1661 1046 1718 palam
1077 1661 1237 1702 Romae
1269 1661 1442 1701 crimina

71 1719 209 1760 ‘edita
235 1720 413 1775 fictaque
439 1720 489 1760 ab
518 1719 695 1760 inimicis
722 1719 903 1775 vulgare,
933 1728 991 1768 ut,
1014 1719 1059 1759 ni
1086 1718 1338 1767 simularent,
1368 1717 1441 1758 ali-

70 1782 219 1831 ‘quem
250 1777 327 1817 sibi
358 1777 559 1826 timorem,
592 1777 759 1817 absente
791 1776 960 1831 collega,
993 1775 1160 1817 dicendi
1190 1775 1242 1816 de
1273 1775 1440 1816 consule

70 1839 82 1857 ‘
97 1848 197 1883 esse,
218 1834 304 1889 ipse
333 1834 381 1874 iis
406 1833 615 1890 extemplo
636 1834 806 1874 daturus
830 1843 1019 1874 senatum
1043 1833 1177 1874 fuerit.
1242 1832 1327 1873 Ubi
1349 1833 1441 1888 qui-

70 1896 81 1914 ‘
97 1890 192 1931 dem
224 1890 381 1946 collega
406 1891 595 1941 venisset,
624 1906 709 1932 non
736 1906 950 1946 passurum
973 1891 1196 1946 quicquam
1224 1890 1337 1945 prius
1361 1890 1439 1945 agi,

70 1953 82 1971 ‘
97 1963 223 2004 quam
259 1957 304 1989 ut
348 1948 476 1989 Siculi
515 1949 560 1988 in
600 1957 788 1989 senatum
828 1948 1155 1989 introducantur.
1218 1947 1440 1987 Delectum

71 2010 83 2028 ⁶
98 2020 224 2060 prope
266 2021 289 2046 a
329 2005 390 2046 M.
417 2005 614 2046 Cornelio
654 2021 728 2061 per
766 2014 893 2046 totam
938 2005 1118 2046 Siciliam
1158 2004 1358 2052 habitum,
1395 2013 1442 2044 ut

72 2067 83 2084 ⁶
100 2076 225 2116 quam
246 2062 412 2117 plurimi
433 2071 623 2118 questum
646 2063 698 2103 de
720 2078 762 2103 se
786 2062 964 2103 Romam
985 2062 1184 2102 venirent.
1247 2060 1441 2101 Eundem

73 2117 225 2158 ‘literis
263 2119 371 2160 falsis
403 2121 548 2161 urbem
583 2120 787 2175 implesse,
820 2119 976 2160 bellum
1011 2119 1055 2158 in
1091 2117 1230 2159 Sicilia
1262 2132 1362 2166 esse,
1395 2126 1443 2157 ut

73 2181 216 2215 ‘suam
249 2175 415 2217 laudem
447 2177 631 2217 minuat.’
690 2176 898 2217 Moderati
933 2175 1060 2216 animi
1091 2175 1264 2230 gloriam
1294 2190 1343 2215 eo
1374 2174 1441 2215 die

72 2231 246 2287 adeptus
259 2233 413 2282 consul,
429 2243 617 2274 senatum
633 2234 805 2282 dimisit3
839 2248 885 2274 ac
897 2248 1025 2289 prope
1040 2232 1242 2273 iustitium
1257 2232 1442 2273 omnium

73 2304 211 2330 rerum
232 2289 417 2330 futurum
438 2291 666 2340 videbatur,
688 2291 821 2331 donec
843 2290 945 2331 alter
965 2289 1108 2330 consul
1136 2289 1188 2330 ad
1209 2290 1353 2330 urbem
1374 2303 1443 2329 ve-

74 2346 211 2386 nisset.
276 2346 434 2396 Otium,
466 2360 512 2387 ut
542 2347 656 2396 solet,
689 2348 883 2388 excitavit
917 2347 1048 2402 plebis
1078 2361 1283 2387 rumores:
1319 2345 1618 2391 ‘belliQuerelue

75 2403 426 2452 ‘diuturnitatem,
453 2412 495 2444 et
523 2413 698 2444 vastatos
729 2419 846 2460 agros
876 2405 983 2445 circa
1006 2404 1164 2452 urbem,
1187 2418 1268 2458 qua
1296 2402 1443 2442 infesto
1458 2399 1494 2429 P.
1509 2398 1550 2429 R·

75 2466 87 2484 ‘
100 2461 262 2516 agmine
284 2460 379 2500 isset
403 2459 627 2509 Hannibal,
645 2470 686 2501 et
706 2462 948 2501 exhaustam
962 2460 1189 2501 delectibus
1207 2459 1380 2508 Italiam,
1403 2469 1445 2500 et

76 2523 88 2541 ‘
99 2532 227 2573 prope
242 2517 462 2573 quotannis
475 2518 680 2558 exercitus
692 2518 847 2559 caesos’
861 2518 1140 2572 querebantur
1148 2533 1158 2566 3
1184 2523 1244 2557 ‘et
1257 2516 1446 2558 consules

118 2678 129 2698 1
147 2669 321 2706 Anticyra]
337 2668 447 2702 Quum
460 2666 611 2706 Anticyra
624 2678 641 2696 a
652 2668 735 2696 Stra·
780 2667 823 2695 h'a
839 2676 963 2704 quoque
986 2666 1127 2696 eiusdem
1150 2666 1286 2697 nominis
1308 2667 1382 2697 urbs
1403 2668 1444 2697 ad

74 2712 156 2741 bone
186 2711 280 2740 modo
311 2710 449 2743 Locridi,
477 2710 572 2739 modo
602 2709 736 2739 Phocidi
782 2709 897 2739 Oetam
916 2708 947 2738 in
964 2708 1035 2738 sinu
1051 2709 1202 2740 Maliaco.
1227 2709 1265 2740 cf.
1285 2710 1364 2740 Hor.
1382 2709 1444 2748 Ep.

73 2753 210 2792 ascripta
233 2753 283 2788 sit,
298 2753 377 2782 duas
392 2753 483 2782 urbes
501 2751 629 2782 nomine
645 2751 736 2782 Anti·
780 2751 821 2781 ad
836 2750 938 2780 Pison.
953 2760 1022 2790 300.
1037 2752 1064 2781 si
1081 2752 1182 2781 tribus
1197 2753 1362 2790 Anticyris
1377 2756 1433 2782 ele.

74 2806 164 2835 cyras
192 2796 232 2825 ad
263 2795 365 2824 sinum
393 2794 634 2825 Corinthiacum
663 2794 738 2824 sitas
828 2803 844 2823 τ’,
870 2795 922 2823 ΕΓ
949 2795 1058 2832 paolo]
1098 2793 1342 2824 Conditionibus
1373 2804 1444 2825 con-

75 2847 142 2868 esse
157 2838 320 2869 Drakenb.
338 2836 505 2867 verisimile
523 2836 653 2867 videtur.
696 2837 736 2866 A-
782 2835 904 2875 scriptis
921 2846 1004 2874 supr.
1024 2845 1072 2874 ²4·
