<?xml version="1.0" encoding="UTF-8"?>
<!DOCTYPE html PUBLIC "-//W3C//DTD XHTML 1.0 Transitional//EN"
    "http://www.w3.org/TR/xhtml1/DTD/xhtml1-transitional.dtd">
<html xmlns="http://www.w3.org/1999/xhtml" xml:lang="en" lang="en">
 <head>
  <title>
</title>
<meta http-equiv="Content-Type" content="text/html;charset=utf-8" />
  <meta name='ocr-system' content='tesseract 3.04.00' />
  <meta name='ocr-capabilities' content='ocr_page ocr_carea ocr_par ocr_line ocrx_word'/>
</head>
<body>
  <div class='ocr_page' id='page_1' title='image "./historiarumaburb02livyuoft_0037.png"; bbox 0 0 1809 3178; ppageno 0'>
   <div class='ocr_carea' id='block_1_1' title="bbox 505 95 783 137">
    <p class='ocr_par' dir='ltr' id='par_1_1' title="bbox 505 95 783 137">
     <span class='ocr_line' id='line_1_1' title="bbox 505 95 783 137; baseline -0.004 0"><span class='ocrx_word' id='word_1_1' title='bbox 505 97 623 137; x_wconf 48' lang='lat'>11113.</span> <span class='ocrx_word' id='word_1_2' title='bbox 659 95 783 136; x_wconf 84' lang='lat' dir='ltr'>XXI.</span> 
     </span>
    </p>
   </div>
   <div class='ocr_carea' id='block_1_2' title="bbox 66 185 1701 1662">
    <p class='ocr_par' dir='ltr' id='par_1_2' title="bbox 66 185 1701 1662">
     <span class='ocr_line' id='line_1_2' title="bbox 73 185 1685 241; baseline -0.003 -12"><span class='ocrx_word' id='word_1_3' title='bbox 73 189 253 241; x_wconf 70' lang='lat' dir='ltr'>7‘atquc</span> <span class='ocrx_word' id='word_1_4' title='bbox 290 185 397 226; x_wconf 84' lang='lat' dir='ltr'>alere</span> <span class='ocrx_word' id='word_1_5' title='bbox 435 187 687 227; x_wconf 78' lang='lat' dir='ltr'>animantes:</span> <span class='ocrx_word' id='word_1_6' title='bbox 723 186 882 240; x_wconf 80' lang='lat' dir='ltr'>pervias</span> <span class='ocrx_word' id='word_1_7' title='bbox 936 186 1061 226; x_wconf 81' lang='lat' dir='ltr'>›aucis</span> <span class='ocrx_word' id='word_1_8' title='bbox 1098 202 1198 234; x_wconf 70' lang='lat' dir='ltr'>esse,</span> <span class='ocrx_word' id='word_1_9' title='bbox 1234 189 1685 234; x_wconf 46' lang='lat' dir='ltr'>exercitibusiun-,534</span> 
     </span>
     <span class='ocr_line' id='line_1_3' title="bbox 103 201 1687 298; baseline 0.001 -16"><span class='ocrx_word' id='word_1_10' title='bbox 103 250 113 266; x_wconf 94' lang='lat'>‘</span> <span class='ocrx_word' id='word_1_11' title='bbox 131 243 290 282; x_wconf 78' lang='lat' dir='ltr'>invias?</span> <span class='ocrx_word' id='word_1_12' title='bbox 324 242 406 283; x_wconf 87' lang='lat' dir='ltr'>Eos</span> <span class='ocrx_word' id='word_1_13' title='bbox 432 243 553 298; x_wconf 84' lang='lat' dir='ltr'>ipsos,</span> <span class='ocrx_word' id='word_1_14' title='bbox 576 258 680 298; x_wconf 86' lang='lat' dir='ltr'>quos</span> <span class='ocrx_word' id='word_1_15' title='bbox 708 252 893 291; x_wconf 86' lang='lat' dir='ltr'>cernant,</span> <span class='ocrx_word' id='word_1_16' title='bbox 917 201 1072 295; x_wconf 70' lang='lat' dir='ltr'>legatos</span> <span class='ocrx_word' id='word_1_17' title='bbox 1101 258 1184 283; x_wconf 92' lang='lat' dir='ltr'>non</span> <span class='ocrx_word' id='word_1_18' title='bbox 1212 244 1360 297; x_wconf 75' lang='lat' dir='ltr'>pennis</span> <span class='ocrx_word' id='word_1_19' title='bbox 1389 246 1484 284; x_wconf 79' lang='lat' dir='ltr'>sub-</span> <span class='ocrx_word' id='word_1_20' title='bbox 1500 242 1536 270; x_wconf 47' lang='lat' dir='ltr'>A*</span> <span class='ocrx_word' id='word_1_21' title='bbox 1562 242 1598 271; x_wconf 68' lang='lat' dir='ltr'>(J.</span> <span class='ocrx_word' id='word_1_22' title='bbox 1621 242 1687 269; x_wconf 60' lang='lat'>2¹⁸·</span> 
     </span>
     <span class='ocr_line' id='line_1_4' title="bbox 69 299 1483 355; baseline 0.001 -17"><span class='ocrx_word' id='word_1_23' title='bbox 69 308 88 336; x_wconf 81' lang='lat'>8</span> <span class='ocrx_word' id='word_1_24' title='bbox 102 299 226 340; x_wconf 88' lang='lat' dir='ltr'>‘lime</span> <span class='ocrx_word' id='word_1_25' title='bbox 248 299 377 340; x_wconf 86' lang='lat' dir='ltr'>elatos</span> <span class='ocrx_word' id='word_1_26' title='bbox 395 300 526 355; x_wconf 83' lang='lat' dir='ltr'><strong>Alpes</strong></span> <span class='ocrx_word' id='word_1_27' title='bbox 547 308 840 354; x_wconf 67' lang='lat' dir='ltr'>transgressos:</span> <span class='ocrx_word' id='word_1_28' title='bbox 876 315 927 340; x_wconf 89' lang='lat' dir='ltr'>nc</span> <span class='ocrx_word' id='word_1_29' title='bbox 951 300 1125 340; x_wconf 81' lang='lat' dir='ltr'>maiores</span> <span class='ocrx_word' id='word_1_30' title='bbox 1147 299 1317 355; x_wconf 83' lang='lat' dir='ltr'>quidem</span> <span class='ocrx_word' id='word_1_31' title='bbox 1341 316 1483 340; x_wconf 79' lang='lat' dir='ltr'>eorum</span> 
     </span>
     <span class='ocr_line' id='line_1_5' title="bbox 102 353 1486 412; baseline 0.001 -16"><span class='ocrx_word' id='word_1_32' title='bbox 102 356 370 411; x_wconf 53' lang='lat' dir='ltr'>‘indigenam</span> <span class='ocrx_word' id='word_1_33' title='bbox 402 356 476 397; x_wconf 84' lang='lat' dir='ltr'>sed</span> <span class='ocrx_word' id='word_1_34' title='bbox 507 353 687 397; x_wconf 84' lang='lat' dir='ltr'>advenas</span> <span class='ocrx_word' id='word_1_35' title='bbox 718 356 859 396; x_wconf 87' lang='lat' dir='ltr'>Italiae</span> <span class='ocrx_word' id='word_1_36' title='bbox 891 356 1082 405; x_wconf 85' lang='lat' dir='ltr'>cultores,</span> <span class='ocrx_word' id='word_1_37' title='bbox 1114 356 1185 397; x_wconf 78' lang='lat' dir='ltr'>lias</span> <span class='ocrx_word' id='word_1_38' title='bbox 1217 357 1323 412; x_wconf 79' lang='lat' dir='ltr'>ipsas</span> <span class='ocrx_word' id='word_1_39' title='bbox 1358 357 1486 411; x_wconf 71' lang='lat' dir='ltr'>Alpes</span> 
     </span>
     <span class='ocr_line' id='line_1_6' title="bbox 102 413 1483 468; baseline 0 -16"><span class='ocrx_word' id='word_1_40' title='bbox 102 413 370 466; x_wconf 68' lang='lat' dir='ltr'>‘ingentibus</span> <span class='ocrx_word' id='word_1_41' title='bbox 405 428 526 468; x_wconf 88' lang='lat' dir='ltr'>saepe</span> <span class='ocrx_word' id='word_1_42' title='bbox 560 413 796 468; x_wconf 77' lang='lat' dir='ltr'>agminibus</span> <span class='ocrx_word' id='word_1_43' title='bbox 831 428 926 453; x_wconf 87' lang='lat' dir='ltr'>cum</span> <span class='ocrx_word' id='word_1_44' title='bbox 961 414 1099 453; x_wconf 86' lang='lat' dir='ltr'>liberis</span> <span class='ocrx_word' id='word_1_45' title='bbox 1141 429 1187 453; x_wconf 90' lang='lat' dir='ltr'>ac</span> <span class='ocrx_word' id='word_1_46' title='bbox 1223 414 1483 466; x_wconf 65' lang='lat' dir='ltr'>coniugibus,</span> 
     </span>
     <span class='ocr_line' id='line_1_7' title="bbox 101 466 1483 525; baseline 0 -16"><span class='ocrx_word' id='word_1_47' title='bbox 101 466 394 525; x_wconf 71' lang='lat' dir='ltr'>‘migrantium</span> <span class='ocrx_word' id='word_1_48' title='bbox 445 470 581 519; x_wconf 92' lang='lat' dir='ltr'>modo,</span> <span class='ocrx_word' id='word_1_49' title='bbox 635 479 724 510; x_wconf 88' lang='lat' dir='ltr'>tuto</span> <span class='ocrx_word' id='word_1_50' title='bbox 776 470 1058 511; x_wconf 83' lang='lat' dir='ltr'>transmisisse.</span> <span class='ocrx_word' id='word_1_51' title='bbox 1135 470 1263 510; x_wconf 80' lang='lat' dir='ltr'>Militi</span> <span class='ocrx_word' id='word_1_52' title='bbox 1315 471 1483 525; x_wconf 80' lang='lat' dir='ltr'>quidem</span> 
     </span>
     <span class='ocr_line' id='line_1_8' title="bbox 101 527 1484 583; baseline 0 -16"><span class='ocrx_word' id='word_1_53' title='bbox 101 533 295 576; x_wconf 63' lang='grc' dir='ltr'>6ὶιϊιιιειῐο,</span> <span class='ocrx_word' id='word_1_54' title='bbox 330 527 434 567; x_wconf 87' lang='lat' dir='ltr'>nibil</span> <span class='ocrx_word' id='word_1_55' title='bbox 467 542 606 567; x_wconf 88' lang='lat' dir='ltr'>secum</span> <span class='ocrx_word' id='word_1_56' title='bbox 641 536 805 583; x_wconf 88' lang='lat' dir='ltr'>praeter</span> <span class='ocrx_word' id='word_1_57' title='bbox 844 528 1121 567; x_wconf 83' lang='lat' dir='ltr'>instrumenta</span> <span class='ocrx_word' id='word_1_58' title='bbox 1156 527 1253 567; x_wconf 89' lang='lat' dir='ltr'>belli</span> <span class='ocrx_word' id='word_1_59' title='bbox 1288 528 1484 582; x_wconf 80' lang='lat' dir='ltr'>portanti,</span> 
     </span>
     <span class='ocr_line' id='line_1_9' title="bbox 101 584 1487 639; baseline 0.001 -16"><span class='ocrx_word' id='word_1_60' title='bbox 101 590 111 607; x_wconf 77' lang='lat'><strong><em>⁶</em></strong></span> <span class='ocrx_word' id='word_1_61' title='bbox 129 584 230 637; x_wconf 82' lang='lat' dir='ltr'>quid</span> <span class='ocrx_word' id='word_1_62' title='bbox 253 584 411 624; x_wconf 93' lang='lat' dir='ltr'>invium</span> <span class='ocrx_word' id='word_1_63' title='bbox 433 593 505 624; x_wconf 91' lang='lat' dir='ltr'>aut</span> <span class='ocrx_word' id='word_1_64' title='bbox 526 584 857 639; x_wconf 82' lang='lat' dir='ltr'>inexsuperabile</span> <span class='ocrx_word' id='word_1_65' title='bbox 879 587 997 625; x_wconf 71' lang='lat' dir='ltr'>csse?</span> <span class='ocrx_word' id='word_1_66' title='bbox 1031 584 1265 639; x_wconf 76' lang='lat' dir='ltr'>Saguntum</span> <span class='ocrx_word' id='word_1_67' title='bbox 1298 593 1344 624; x_wconf 89' lang='lat' dir='ltr'>ut</span> <span class='ocrx_word' id='word_1_68' title='bbox 1365 600 1487 639; x_wconf 86' lang='lat' dir='ltr'>capc-</span> 
     </span>
     <span class='ocr_line' id='line_1_10' title="bbox 101 641 1483 696; baseline 0 -16"><span class='ocrx_word' id='word_1_69' title='bbox 101 647 111 663; x_wconf 86' lang='lat'>‘</span> <span class='ocrx_word' id='word_1_70' title='bbox 124 649 250 689; x_wconf 88' lang='lat' dir='ltr'>retur,</span> <span class='ocrx_word' id='word_1_71' title='bbox 266 641 368 696; x_wconf 83' lang='lat' dir='ltr'>quid</span> <span class='ocrx_word' id='word_1_72' title='bbox 382 656 456 696; x_wconf 90' lang='lat' dir='ltr'>per</span> <span class='ocrx_word' id='word_1_73' title='bbox 469 649 562 681; x_wconf 90' lang='lat' dir='ltr'>octo</span> <span class='ocrx_word' id='word_1_74' title='bbox 578 656 739 681; x_wconf 82' lang='lat' dir='ltr'>menses</span> <span class='ocrx_word' id='word_1_75' title='bbox 753 641 941 696; x_wconf 88' lang='lat' dir='ltr'>periculi,</span> <span class='ocrx_word' id='word_1_76' title='bbox 957 641 1059 696; x_wconf 81' lang='lat' dir='ltr'>quid</span> <span class='ocrx_word' id='word_1_77' title='bbox 1074 641 1223 682; x_wconf 88' lang='lat' dir='ltr'>laboris</span> <span class='ocrx_word' id='word_1_78' title='bbox 1237 641 1483 681; x_wconf 79' lang='lat' dir='ltr'>exhaustum</span> 
     </span>
     <span class='ocr_line' id='line_1_11' title="bbox 67 698 1483 753; baseline -0.001 -14"><span class='ocrx_word' id='word_1_79' title='bbox 67 712 86 739; x_wconf 79' lang='lat'>¹)</span> <span class='ocrx_word' id='word_1_80' title='bbox 101 703 111 720; x_wconf 90' lang='lat'>‘</span> <span class='ocrx_word' id='word_1_81' title='bbox 128 712 214 738; x_wconf 86' lang='lat' dir='ltr'>esse</span> <span class='ocrx_word' id='word_1_82' title='bbox 232 698 249 738; x_wconf 78' lang='lat'>⁴?</span> <span class='ocrx_word' id='word_1_83' title='bbox 283 698 474 746; x_wconf 73' lang='lat' dir='ltr'>Romam,</span> <span class='ocrx_word' id='word_1_84' title='bbox 493 698 603 738; x_wconf 90' lang='lat' dir='ltr'>orbis</span> <span class='ocrx_word' id='word_1_85' title='bbox 625 706 825 738; x_wconf 86' lang='lat' dir='ltr'>terrarum</span> <span class='ocrx_word' id='word_1_86' title='bbox 848 708 986 753; x_wconf 88' lang='lat' dir='ltr'>caput,</span> <span class='ocrx_word' id='word_1_87' title='bbox 1004 699 1243 753; x_wconf 82' lang='lat' dir='ltr'>petentibus</span> <span class='ocrx_word' id='word_1_88' title='bbox 1261 699 1483 753; x_wconf 87' lang='lat' dir='ltr'>quicquam</span> 
     </span>
     <span class='ocr_line' id='line_1_12' title="bbox 101 754 1485 810; baseline 0.001 -16"><span class='ocrx_word' id='word_1_89' title='bbox 101 759 112 777; x_wconf 87' lang='lat'>‘</span> <span class='ocrx_word' id='word_1_90' title='bbox 128 754 233 794; x_wconf 88' lang='lat' dir='ltr'>adeo</span> <span class='ocrx_word' id='word_1_91' title='bbox 254 769 446 809; x_wconf 88' lang='lat' dir='ltr'>asperum</span> <span class='ocrx_word' id='word_1_92' title='bbox 467 764 593 809; x_wconf 83' lang='lat' dir='ltr'>atque</span> <span class='ocrx_word' id='word_1_93' title='bbox 615 755 791 795; x_wconf 86' lang='lat' dir='ltr'>arduum</span> <span class='ocrx_word' id='word_1_94' title='bbox 815 755 959 803; x_wconf 88' lang='lat' dir='ltr'>videri,</span> <span class='ocrx_word' id='word_1_95' title='bbox 978 755 1092 810; x_wconf 84' lang='lat' dir='ltr'>quod</span> <span class='ocrx_word' id='word_1_96' title='bbox 1113 756 1329 810; x_wconf 86' lang='lat' dir='ltr'>inceptum</span> <span class='ocrx_word' id='word_1_97' title='bbox 1352 770 1485 795; x_wconf 83' lang='lat' dir='ltr'>morc—</span> 
     </span>
     <span class='ocr_line' id='line_1_13' title="bbox 100 811 1484 868; baseline 0.001 -18"><span class='ocrx_word' id='word_1_98' title='bbox 100 817 110 834; x_wconf 86' lang='lat'>‘</span> <span class='ocrx_word' id='word_1_99' title='bbox 128 812 224 851; x_wconf 81' lang='lat' dir='ltr'>tur?</span> <span class='ocrx_word' id='word_1_100' title='bbox 257 811 429 866; x_wconf 88' lang='lat' dir='ltr'>Cepisse</span> <span class='ocrx_word' id='word_1_101' title='bbox 445 811 658 866; x_wconf 84' lang='lat' dir='ltr'>quondam</span> <span class='ocrx_word' id='word_1_102' title='bbox 684 811 828 852; x_wconf 80' lang='lat' dir='ltr'>Gallos</span> <span class='ocrx_word' id='word_1_103' title='bbox 849 828 910 860; x_wconf 89' lang='lat' dir='ltr'>ea,</span> <span class='ocrx_word' id='word_1_104' title='bbox 926 827 1032 867; x_wconf 86' lang='lat' dir='ltr'>quae</span> <span class='ocrx_word' id='word_1_105' title='bbox 1055 812 1158 853; x_wconf 87' lang='lat' dir='ltr'>adiri</span> <span class='ocrx_word' id='word_1_106' title='bbox 1176 828 1294 868; x_wconf 85' lang='lat' dir='ltr'>posse</span> <span class='ocrx_word' id='word_1_107' title='bbox 1318 812 1484 853; x_wconf 77' lang='lat' dir='ltr'>Poenus</span> 
     </span>
     <span class='ocr_line' id='line_1_14' title="bbox 99 867 1483 924; baseline 0.002 -17"><span class='ocrx_word' id='word_1_108' title='bbox 99 874 110 891; x_wconf 88' lang='lat'>‘</span> <span class='ocrx_word' id='word_1_109' title='bbox 126 867 348 923; x_wconf 76' lang='lat' dir='ltr'>desperet?</span> <span class='ocrx_word' id='word_1_110' title='bbox 400 868 583 909; x_wconf 86' lang='lat' dir='ltr'>Proinde</span> <span class='ocrx_word' id='word_1_111' title='bbox 625 878 697 909; x_wconf 87' lang='lat' dir='ltr'>aut</span> <span class='ocrx_word' id='word_1_112' title='bbox 737 869 936 909; x_wconf 84' lang='lat' dir='ltr'>cederent</span> <span class='ocrx_word' id='word_1_113' title='bbox 976 869 1116 909; x_wconf 87' lang='lat' dir='ltr'>animo</span> <span class='ocrx_word' id='word_1_114' title='bbox 1165 879 1290 924; x_wconf 86' lang='lat' dir='ltr'>atquc</span> <span class='ocrx_word' id='word_1_115' title='bbox 1331 870 1483 910; x_wconf 81' lang='lat' dir='ltr'>virtute</span> 
     </span>
     <span class='ocr_line' id='line_1_15' title="bbox 99 925 1482 980; baseline 0.001 -16"><span class='ocrx_word' id='word_1_116' title='bbox 99 930 110 948; x_wconf 85' lang='lat'>‘</span> <span class='ocrx_word' id='word_1_117' title='bbox 125 925 254 978; x_wconf 84' lang='lat' dir='ltr'>genti,</span> <span class='ocrx_word' id='word_1_118' title='bbox 277 940 352 980; x_wconf 89' lang='lat' dir='ltr'>per</span> <span class='ocrx_word' id='word_1_119' title='bbox 382 940 453 966; x_wconf 83' lang='lat' dir='ltr'>eos</span> <span class='ocrx_word' id='word_1_120' title='bbox 473 925 562 966; x_wconf 83' lang='lat' dir='ltr'>dies</span> <span class='ocrx_word' id='word_1_121' title='bbox 591 926 713 966; x_wconf 85' lang='lat' dir='ltr'>toties</span> <span class='ocrx_word' id='word_1_122' title='bbox 741 927 792 967; x_wconf 87' lang='lat' dir='ltr'>ab</span> <span class='ocrx_word' id='word_1_123' title='bbox 813 942 855 966; x_wconf 83' lang='lat' dir='ltr'>se</span> <span class='ocrx_word' id='word_1_124' title='bbox 878 926 1010 967; x_wconf 77' lang='lat' dir='ltr'>victae</span> <span class='ocrx_word' id='word_1_125' title='bbox 1029 942 1037 966; x_wconf 94' lang='lat'><strong>:</strong></span> <span class='ocrx_word' id='word_1_126' title='bbox 1072 935 1143 967; x_wconf 89' lang='lat' dir='ltr'>aut</span> <span class='ocrx_word' id='word_1_127' title='bbox 1174 927 1334 966; x_wconf 83' lang='lat' dir='ltr'>itineris</span> <span class='ocrx_word' id='word_1_128' title='bbox 1357 927 1482 966; x_wconf 79' lang='lat' dir='ltr'>linem</span> 
     </span>
     <span class='ocr_line' id='line_1_16' title="bbox 98 983 1484 1037; baseline 0.001 -16"><span class='ocrx_word' id='word_1_129' title='bbox 98 990 293 1035; x_wconf 84' lang='lat' dir='ltr'>‘sperent</span> <span class='ocrx_word' id='word_1_130' title='bbox 323 997 517 1037; x_wconf 89' lang='lat' dir='ltr'>eampum</span> <span class='ocrx_word' id='word_1_131' title='bbox 548 983 864 1023; x_wconf 85' lang='lat' dir='ltr'>interiacentem</span> <span class='ocrx_word' id='word_1_132' title='bbox 894 983 1039 1023; x_wconf 87' lang='lat' dir='ltr'>Tiberi</span> <span class='ocrx_word' id='word_1_133' title='bbox 1071 998 1118 1023; x_wconf 85' lang='lat' dir='ltr'>ac</span> <span class='ocrx_word' id='word_1_134' title='bbox 1150 984 1368 1024; x_wconf 86' lang='lat' dir='ltr'>moenibus</span> <span class='ocrx_word' id='word_1_135' title='bbox 1398 983 1484 1023; x_wconf 83' lang='lat' dir='ltr'>Ro-</span> 
     </span>
     <span class='ocr_line' id='line_1_17' title="bbox 99 1038 279 1078; baseline 0.011 -2"><span class='ocrx_word' id='word_1_136' title='bbox 99 1046 108 1061; x_wconf 89' lang='lat'>‘</span> <span class='ocrx_word' id='word_1_137' title='bbox 123 1038 279 1078; x_wconf 85' lang='lat' dir='ltr'>manis.’</span> 
     </span>
     <span class='ocr_line' id='line_1_18' title="bbox 156 1094 1632 1152; baseline 0.001 -18"><span class='ocrx_word' id='word_1_138' title='bbox 156 1094 235 1135; x_wconf 85' lang='lat' dir='ltr'>His</span> <span class='ocrx_word' id='word_1_139' title='bbox 271 1095 630 1137; x_wconf 83' lang='lat' dir='ltr'>adhortationibus</span> <span class='ocrx_word' id='word_1_140' title='bbox 661 1097 854 1137; x_wconf 86' lang='lat' dir='ltr'>incitatos</span> <span class='ocrx_word' id='word_1_141' title='bbox 884 1112 1057 1152; x_wconf 85' lang='lat' dir='ltr'>corpora</span> <span class='ocrx_word' id='word_1_142' title='bbox 1086 1112 1243 1145; x_wconf 87' lang='lat' dir='ltr'>curare,</span> <span class='ocrx_word' id='word_1_143' title='bbox 1277 1107 1401 1151; x_wconf 84' lang='lat' dir='ltr'>atque</span> <span class='ocrx_word' id='word_1_144' title='bbox 1431 1097 1481 1137; x_wconf 88' lang='lat' dir='ltr'>ad</span> <span class='ocrx_word' id='word_1_145' title='bbox 1567 1096 1632 1132; x_wconf 66' lang='lat'>531-</span> 
     </span>
     <span class='ocr_line' id='line_1_19' title="bbox 97 1151 1483 1208; baseline 0.001 -17"><span class='ocrx_word' id='word_1_146' title='bbox 97 1151 175 1191; x_wconf 90' lang='lat' dir='ltr'>iter</span> <span class='ocrx_word' id='word_1_147' title='bbox 204 1167 246 1192; x_wconf 89' lang='lat' dir='ltr'>se</span> <span class='ocrx_word' id='word_1_148' title='bbox 277 1167 421 1207; x_wconf 84' lang='lat' dir='ltr'>parare</span> <span class='ocrx_word' id='word_1_149' title='bbox 454 1153 582 1194; x_wconf 87' lang='lat' dir='ltr'>iubet.</span> <span class='ocrx_word' id='word_1_150' title='bbox 644 1153 818 1193; x_wconf 85' lang='lat' dir='ltr'>Postero</span> <span class='ocrx_word' id='word_1_151' title='bbox 844 1153 925 1201; x_wconf 88' lang='lat' dir='ltr'>die,</span> <span class='ocrx_word' id='word_1_152' title='bbox 956 1154 1165 1208; x_wconf 85' lang='lat' dir='ltr'>profectus</span> <span class='ocrx_word' id='word_1_153' title='bbox 1195 1153 1367 1193; x_wconf 80' lang='lat' dir='ltr'>adversa</span> <span class='ocrx_word' id='word_1_154' title='bbox 1396 1154 1483 1208; x_wconf 89' lang='lat' dir='ltr'>ripa</span> 
     </span>
     <span class='ocr_line' id='line_1_20' title="bbox 72 1207 1684 1264; baseline -0.001 -16"><span class='ocrx_word' id='word_1_155' title='bbox 72 1222 79 1242; x_wconf 90' lang='lat'><em>¹</em></span> <span class='ocrx_word' id='word_1_156' title='bbox 100 1207 310 1257; x_wconf 84' lang='lat' dir='ltr'>Rhodani,</span> <span class='ocrx_word' id='word_1_157' title='bbox 335 1209 635 1249; x_wconf 81' lang='lat' dir='ltr'>mediterranea</span> <span class='ocrx_word' id='word_1_158' title='bbox 668 1209 830 1249; x_wconf 80' lang='lat' dir='ltr'>Galliae</span> <span class='ocrx_word' id='word_1_159' title='bbox 853 1210 979 1264; x_wconf 79' lang='lat' dir='ltr'>petit:</span> <span class='ocrx_word' id='word_1_160' title='bbox 1014 1225 1098 1249; x_wconf 90' lang='lat' dir='ltr'>non</span> <span class='ocrx_word' id='word_1_161' title='bbox 1131 1211 1231 1264; x_wconf 85' lang='lat' dir='ltr'>quia</span> <span class='ocrx_word' id='word_1_162' title='bbox 1260 1211 1411 1250; x_wconf 83' lang='lat' dir='ltr'>rectior</span> <span class='ocrx_word' id='word_1_163' title='bbox 1431 1211 1481 1250; x_wconf 87' lang='lat' dir='ltr'>ad</span> <span class='ocrx_word' id='word_1_164' title='bbox 1500 1218 1684 1264; x_wconf 51' lang='lat' dir='ltr'>Mediterra-</span> 
     </span>
     <span class='ocr_line' id='line_1_21' title="bbox 99 1261 1701 1331; baseline 0.001 -26"><span class='ocrx_word' id='word_1_165' title='bbox 99 1264 231 1320; x_wconf 83' lang='lat' dir='ltr'>Alpes</span> <span class='ocrx_word' id='word_1_166' title='bbox 252 1266 318 1305; x_wconf 84' lang='lat' dir='ltr'>via</span> <span class='ocrx_word' id='word_1_167' title='bbox 339 1275 458 1314; x_wconf 87' lang='lat' dir='ltr'>esset,</span> <span class='ocrx_word' id='word_1_168' title='bbox 481 1265 567 1314; x_wconf 89' lang='lat' dir='ltr'>sed,</span> <span class='ocrx_word' id='word_1_169' title='bbox 591 1275 794 1321; x_wconf 88' lang='lat' dir='ltr'>quantum</span> <span class='ocrx_word' id='word_1_170' title='bbox 818 1282 841 1306; x_wconf 87' lang='lat' dir='ltr'>a</span> <span class='ocrx_word' id='word_1_171' title='bbox 862 1267 963 1306; x_wconf 88' lang='lat' dir='ltr'>mari</span> <span class='ocrx_word' id='word_1_172' title='bbox 985 1267 1228 1314; x_wconf 71' lang='lat' dir='ltr'>recessisset,</span> <span class='ocrx_word' id='word_1_173' title='bbox 1253 1267 1390 1306; x_wconf 91' lang='lat' dir='ltr'>minus</span> <span class='ocrx_word' id='word_1_174' title='bbox 1411 1268 1483 1307; x_wconf 92' lang='lat' dir='ltr'>ob-</span> <span class='ocrx_word' id='word_1_175' title='bbox 1498 1261 1701 1331; x_wconf 58' lang='lat' dir='ltr'>&#39;¹‘J³t¹.t(²³¹¹¹¹²²⁰</span> 
     </span>
     <span class='ocr_line' id='line_1_22' title="bbox 97 1312 1587 1378; baseline 0.001 -17"><span class='ocrx_word' id='word_1_176' title='bbox 97 1321 211 1361; x_wconf 84' lang='lat' dir='ltr'>vium</span> <span class='ocrx_word' id='word_1_177' title='bbox 247 1322 334 1362; x_wconf 89' lang='lat' dir='ltr'>fore</span> <span class='ocrx_word' id='word_1_178' title='bbox 374 1322 614 1362; x_wconf 86' lang='lat' dir='ltr'>Romanum</span> <span class='ocrx_word' id='word_1_179' title='bbox 656 1322 851 1363; x_wconf 78' lang='lat' dir='ltr'>credens:</span> <span class='ocrx_word' id='word_1_180' title='bbox 895 1338 990 1363; x_wconf 90' lang='lat' dir='ltr'>cum</span> <span class='ocrx_word' id='word_1_181' title='bbox 1028 1338 1124 1377; x_wconf 85' lang='lat' dir='ltr'>quo,</span> <span class='ocrx_word' id='word_1_182' title='bbox 1161 1324 1404 1378; x_wconf 84' lang='lat' dir='ltr'>priusquam</span> <span class='ocrx_word' id='word_1_183' title='bbox 1440 1312 1587 1363; x_wconf 55' lang='lat' dir='ltr'>inl‘ffl·</span> 
     </span>
     <span class='ocr_line' id='line_1_23' title="bbox 98 1378 1481 1427; baseline 0.001 -9"><span class='ocrx_word' id='word_1_184' title='bbox 98 1378 261 1418; x_wconf 85' lang='lat' dir='ltr'>Italiam</span> <span class='ocrx_word' id='word_1_185' title='bbox 283 1388 456 1418; x_wconf 86' lang='lat' dir='ltr'>ventum</span> <span class='ocrx_word' id='word_1_186' title='bbox 477 1379 596 1427; x_wconf 87' lang='lat' dir='ltr'>foret,</span> <span class='ocrx_word' id='word_1_187' title='bbox 620 1394 705 1418; x_wconf 92' lang='lat' dir='ltr'>non</span> <span class='ocrx_word' id='word_1_188' title='bbox 727 1388 815 1419; x_wconf 87' lang='lat' dir='ltr'>erat</span> <span class='ocrx_word' id='word_1_189' title='bbox 846 1379 889 1418; x_wconf 89' lang='lat' dir='ltr'>in</span> <span class='ocrx_word' id='word_1_190' title='bbox 915 1380 1053 1419; x_wconf 86' lang='lat' dir='ltr'>animo</span> <span class='ocrx_word' id='word_1_191' title='bbox 1080 1394 1226 1419; x_wconf 84' lang='lat' dir='ltr'>manus</span> <span class='ocrx_word' id='word_1_192' title='bbox 1254 1394 1481 1420; x_wconf 82' lang='lat' dir='ltr'>conserere.</span> 
     </span>
     <span class='ocr_line' id='line_1_24' title="bbox 68 1435 1483 1491; baseline 0.001 -17"><span class='ocrx_word' id='word_1_193' title='bbox 68 1447 82 1466; x_wconf 64' lang='grc' dir='ltr'><strong><em>ἐ</em></strong></span> <span class='ocrx_word' id='word_1_194' title='bbox 101 1435 271 1482; x_wconf 76' lang='lat' dir='ltr'>Quartis</span> <span class='ocrx_word' id='word_1_195' title='bbox 287 1435 429 1475; x_wconf 87' lang='lat' dir='ltr'>castris</span> <span class='ocrx_word' id='word_1_196' title='bbox 450 1435 503 1475; x_wconf 86' lang='lat' dir='ltr'>ad</span> <span class='ocrx_word' id='word_1_197' title='bbox 521 1435 704 1475; x_wconf 83' lang='lat' dir='ltr'>Insulam</span> <span class='ocrx_word' id='word_1_198' title='bbox 719 1436 909 1490; x_wconf 87' lang='lat' dir='ltr'>pervenit</span> <span class='ocrx_word' id='word_1_199' title='bbox 924 1452 932 1476; x_wconf 90' lang='lat'>:</span> <span class='ocrx_word' id='word_1_200' title='bbox 967 1436 1025 1475; x_wconf 90' lang='lat' dir='ltr'>ibi</span> <span class='ocrx_word' id='word_1_201' title='bbox 1040 1435 1151 1475; x_wconf 80' lang='lat' dir='ltr'>Isara</span> <span class='ocrx_word' id='word_1_202' title='bbox 1167 1436 1483 1491; x_wconf 79' lang='lat' dir='ltr'>Rhodanusque</span> 
     </span>
     <span class='ocr_line' id='line_1_25' title="bbox 67 1491 1481 1548; baseline 0.001 -17"><span class='ocrx_word' id='word_1_203' title='bbox 67 1506 251 1540; x_wconf 55' lang='lat' dir='ltr'>gzamnes,</span> <span class='ocrx_word' id='word_1_204' title='bbox 284 1492 456 1532; x_wconf 88' lang='lat' dir='ltr'>diversis</span> <span class='ocrx_word' id='word_1_205' title='bbox 487 1507 539 1532; x_wconf 85' lang='lat' dir='ltr'>ex</span> <span class='ocrx_word' id='word_1_206' title='bbox 572 1491 752 1547; x_wconf 88' lang='lat' dir='ltr'>Alpibus</span> <span class='ocrx_word' id='word_1_207' title='bbox 788 1492 1068 1540; x_wconf 77' lang='lat' dir='ltr'>decurrentes,</span> <span class='ocrx_word' id='word_1_208' title='bbox 1102 1492 1188 1547; x_wconf 77' lang='lat' dir='ltr'>agri</span> <span class='ocrx_word' id='word_1_209' title='bbox 1221 1492 1481 1548; x_wconf 81' lang='lat' dir='ltr'>aliquantum</span> 
     </span>
     <span class='ocr_line' id='line_1_26' title="bbox 66 1548 1484 1604; baseline 0 -14"><span class='ocrx_word' id='word_1_210' title='bbox 66 1548 292 1604; x_wconf 77' lang='lat' dir='ltr'>4amplexi,</span> <span class='ocrx_word' id='word_1_211' title='bbox 317 1549 536 1589; x_wconf 87' lang='lat' dir='ltr'>confluunt</span> <span class='ocrx_word' id='word_1_212' title='bbox 562 1549 605 1588; x_wconf 92' lang='lat' dir='ltr'>in</span> <span class='ocrx_word' id='word_1_213' title='bbox 628 1564 771 1589; x_wconf 89' lang='lat' dir='ltr'>unum.</span> <span class='ocrx_word' id='word_1_214' title='bbox 834 1549 940 1589; x_wconf 90' lang='lat' dir='ltr'>Inde</span> <span class='ocrx_word' id='word_1_215' title='bbox 970 1550 1119 1590; x_wconf 89' lang='lat' dir='ltr'>mediis</span> <span class='ocrx_word' id='word_1_216' title='bbox 1140 1550 1297 1604; x_wconf 85' lang='lat' dir='ltr'>campis</span> <span class='ocrx_word' id='word_1_217' title='bbox 1319 1549 1484 1590; x_wconf 86' lang='lat' dir='ltr'>Insulae</span> 
     </span>
     <span class='ocr_line' id='line_1_27' title="bbox 67 1605 1484 1662; baseline -0.001 -15"><span class='ocrx_word' id='word_1_218' title='bbox 67 1620 83 1649; x_wconf 87' lang='lat'>5</span> <span class='ocrx_word' id='word_1_219' title='bbox 97 1620 252 1646; x_wconf 87' lang='lat' dir='ltr'>nomen</span> <span class='ocrx_word' id='word_1_220' title='bbox 272 1606 466 1646; x_wconf 89' lang='lat' dir='ltr'>inditum.</span> <span class='ocrx_word' id='word_1_221' title='bbox 529 1605 725 1646; x_wconf 90' lang='lat' dir='ltr'>Incolunt</span> <span class='ocrx_word' id='word_1_222' title='bbox 738 1621 866 1661; x_wconf 87' lang='lat' dir='ltr'>prope</span> <span class='ocrx_word' id='word_1_223' title='bbox 883 1606 1144 1662; x_wconf 80' lang='lat' dir='ltr'>Allobroges,</span> <span class='ocrx_word' id='word_1_224' title='bbox 1162 1622 1265 1662; x_wconf 79' lang='lat' dir='ltr'>gens</span> <span class='ocrx_word' id='word_1_225' title='bbox 1281 1607 1363 1646; x_wconf 90' lang='lat' dir='ltr'>iam</span> <span class='ocrx_word' id='word_1_226' title='bbox 1386 1607 1484 1647; x_wconf 89' lang='lat' dir='ltr'>inde</span> 
     </span>
    </p>
   </div>
   <div class='ocr_carea' id='block_1_3' title="bbox 835 96 1480 140">
    <p class='ocr_par' dir='ltr' id='par_1_3' title="bbox 835 96 1480 140">
     <span class='ocr_line' id='line_1_28' title="bbox 835 96 1480 140; baseline 0.008 -6"><span class='ocrx_word' id='word_1_227' title='bbox 835 96 979 136; x_wconf 71' lang='lat' dir='ltr'>(lAl‘.</span> <span class='ocrx_word' id='word_1_228' title='bbox 1016 102 1080 137; x_wconf 72' lang='grc' dir='ltr'>ΖΗ.</span> <span class='ocrx_word' id='word_1_229' title='bbox 1431 102 1480 140; x_wconf 77' lang='grc'>27</span> 
     </span>
    </p>
   </div>
   <div class='ocr_carea' id='block_1_4' title="bbox 95 1722 770 2855">
    <p class='ocr_par' dir='ltr' id='par_1_4' title="bbox 96 1722 770 1879">
     <span class='ocr_line' id='line_1_29' title="bbox 143 1722 770 1760; baseline 0 -9"><span class='ocrx_word' id='word_1_230' title='bbox 143 1730 158 1760; x_wconf 78' lang='lat'>7</span> <span class='ocrx_word' id='word_1_231' title='bbox 175 1723 380 1752; x_wconf 64' lang='lat' dir='ltr'>Eaeercitibus</span> <span class='ocrx_word' id='word_1_232' title='bbox 393 1723 499 1752; x_wconf 71' lang='lat' dir='ltr'>invias</span> <span class='ocrx_word' id='word_1_233' title='bbox 511 1723 539 1760; x_wconf 72' lang='lat'>2]</span> <span class='ocrx_word' id='word_1_234' title='bbox 563 1722 711 1753; x_wconf 80' lang='lat' dir='ltr'>Oratoria</span> <span class='ocrx_word' id='word_1_235' title='bbox 726 1722 770 1751; x_wconf 65' lang='lat' dir='ltr'>vis</span> 
     </span>
     <span class='ocr_line' id='line_1_30' title="bbox 96 1763 768 1803; baseline 0.001 -10"><span class='ocrx_word' id='word_1_236' title='bbox 96 1767 230 1803; x_wconf 75' lang='lat' dir='ltr'>augetur</span> <span class='ocrx_word' id='word_1_237' title='bbox 246 1763 503 1803; x_wconf 76' lang='lat' dir='ltr'>interrogatione,</span> <span class='ocrx_word' id='word_1_238' title='bbox 520 1774 629 1794; x_wconf 75' lang='lat' dir='ltr'>verum</span> <span class='ocrx_word' id='word_1_239' title='bbox 654 1764 768 1794; x_wconf 89' lang='lat' dir='ltr'>minui-</span> 
     </span>
     <span class='ocr_line' id='line_1_31' title="bbox 97 1805 770 1846; baseline 0 -11"><span class='ocrx_word' id='word_1_240' title='bbox 97 1810 159 1843; x_wconf 85' lang='lat' dir='ltr'>tur,</span> <span class='ocrx_word' id='word_1_241' title='bbox 169 1805 193 1835; x_wconf 87' lang='lat' dir='ltr'>si</span> <span class='ocrx_word' id='word_1_242' title='bbox 207 1816 247 1836; x_wconf 88' lang='lat' dir='ltr'>ex</span> <span class='ocrx_word' id='word_1_243' title='bbox 260 1806 485 1836; x_wconf 83' lang='lat' dir='ltr'>emendatione</span> <span class='ocrx_word' id='word_1_244' title='bbox 498 1806 630 1837; x_wconf 83' lang='lat' dir='ltr'>Strothii</span> <span class='ocrx_word' id='word_1_245' title='bbox 646 1807 770 1846; x_wconf 80' lang='lat' dir='ltr'>legeris,</span> 
     </span>
     <span class='ocr_line' id='line_1_32' title="bbox 96 1850 600 1879; baseline 0.002 -1"><span class='ocrx_word' id='word_1_246' title='bbox 96 1859 154 1879; x_wconf 78' lang='lat' dir='ltr'>nec</span> <span class='ocrx_word' id='word_1_247' title='bbox 169 1850 360 1879; x_wconf 72' lang='lat' dir='ltr'>ea’ercz&#39;tz&#39;bus</span> <span class='ocrx_word' id='word_1_248' title='bbox 375 1850 490 1879; x_wconf 71' lang='lat' dir='ltr'>invias.</span> <span class='ocrx_word' id='word_1_249' title='bbox 516 1850 600 1879; x_wconf 73' lang='lat' dir='ltr'>RUP.</span> 
     </span>
    </p>

    <p class='ocr_par' dir='ltr' id='par_1_5' title="bbox 96 1891 768 2014">
     <span class='ocr_line' id='line_1_33' title="bbox 139 1891 767 1931; baseline 0.002 -12"><span class='ocrx_word' id='word_1_250' title='bbox 139 1892 158 1920; x_wconf 90' lang='lat'>8</span> <span class='ocrx_word' id='word_1_251' title='bbox 181 1892 326 1921; x_wconf 80' lang='lat' dir='ltr'>Maiores</span> <span class='ocrx_word' id='word_1_252' title='bbox 346 1892 469 1931; x_wconf 75' lang='lat' dir='ltr'>quidem</span> <span class='ocrx_word' id='word_1_253' title='bbox 485 1893 610 1928; x_wconf 77' lang='lat' dir='ltr'>eorum]</span> <span class='ocrx_word' id='word_1_254' title='bbox 637 1901 678 1921; x_wconf 79' lang='lat' dir='ltr'>sc,</span> <span class='ocrx_word' id='word_1_255' title='bbox 694 1891 767 1921; x_wconf 88' lang='lat' dir='ltr'>Boi-</span> 
     </span>
     <span class='ocr_line' id='line_1_34' title="bbox 96 1933 768 1973; baseline 0.001 -11"><span class='ocrx_word' id='word_1_256' title='bbox 96 1943 200 1970; x_wconf 84' lang='lat' dir='ltr'>orum,</span> <span class='ocrx_word' id='word_1_257' title='bbox 210 1934 249 1962; x_wconf 89' lang='lat' dir='ltr'>de</span> <span class='ocrx_word' id='word_1_258' title='bbox 262 1943 396 1971; x_wconf 84' lang='lat' dir='ltr'>quorum</span> <span class='ocrx_word' id='word_1_259' title='bbox 410 1933 644 1973; x_wconf 85' lang='lat' dir='ltr'>immigratione</span> <span class='ocrx_word' id='word_1_260' title='bbox 656 1933 688 1963; x_wconf 88' lang='lat' dir='ltr'>in</span> <span class='ocrx_word' id='word_1_261' title='bbox 703 1934 768 1963; x_wconf 89' lang='lat' dir='ltr'>Ita-</span> 
     </span>
     <span class='ocr_line' id='line_1_35' title="bbox 97 1974 667 2014; baseline 0.002 -10"><span class='ocrx_word' id='word_1_262' title='bbox 97 1974 171 2005; x_wconf 84' lang='lat' dir='ltr'>liam</span> <span class='ocrx_word' id='word_1_263' title='bbox 190 1975 228 2005; x_wconf 81' lang='lat' dir='ltr'>cf.</span> <span class='ocrx_word' id='word_1_264' title='bbox 248 1985 332 2014; x_wconf 78' lang='lat' dir='ltr'>supr.</span> <span class='ocrx_word' id='word_1_265' title='bbox 350 1986 377 2005; x_wconf 88' lang='lat' dir='ltr'>v.</span> <span class='ocrx_word' id='word_1_266' title='bbox 395 1984 444 2014; x_wconf 77' lang='lat'>35.</span> <span class='ocrx_word' id='word_1_267' title='bbox 470 1976 540 2006; x_wconf 90' lang='lat' dir='ltr'>Pol.</span> <span class='ocrx_word' id='word_1_268' title='bbox 558 1975 600 2005; x_wconf 90' lang='lat' dir='ltr'>iii.</span> <span class='ocrx_word' id='word_1_269' title='bbox 618 1977 667 2012; x_wconf 78' lang='lat'>48.</span> 
     </span>
    </p>

    <p class='ocr_par' dir='ltr' id='par_1_6' title="bbox 95 2019 765 2132">
     <span class='ocr_line' id='line_1_36' title="bbox 139 2019 763 2057; baseline 0 -10"><span class='ocrx_word' id='word_1_270' title='bbox 139 2026 158 2057; x_wconf 90' lang='lat'>9</span> <span class='ocrx_word' id='word_1_271' title='bbox 182 2019 326 2054; x_wconf 79' lang='lat' dir='ltr'>Romam,</span> <span class='ocrx_word' id='word_1_272' title='bbox 352 2019 436 2048; x_wconf 77' lang='lat' dir='ltr'>orbis</span> <span class='ocrx_word' id='word_1_273' title='bbox 462 2023 623 2048; x_wconf 76' lang='lat' dir='ltr'>terrarum</span> <span class='ocrx_word' id='word_1_274' title='bbox 650 2019 763 2057; x_wconf 72' lang='lat' dir='ltr'>caput]</span> 
     </span>
     <span class='ocr_line' id='line_1_37' title="bbox 99 2059 765 2098; baseline 0 -9"><span class='ocrx_word' id='word_1_275' title='bbox 99 2059 271 2098; x_wconf 77' lang='lat' dir='ltr'>Prolepsis,</span> <span class='ocrx_word' id='word_1_276' title='bbox 282 2059 369 2090; x_wconf 85' lang='lat' dir='ltr'>haud</span> <span class='ocrx_word' id='word_1_277' title='bbox 381 2061 461 2090; x_wconf 89' lang='lat' dir='ltr'>bene</span> <span class='ocrx_word' id='word_1_278' title='bbox 472 2059 664 2090; x_wconf 73' lang='lat' dir='ltr'>conveniens</span> <span class='ocrx_word' id='word_1_279' title='bbox 676 2060 765 2090; x_wconf 84' lang='lat' dir='ltr'>Han-</span> 
     </span>
     <span class='ocr_line' id='line_1_38' title="bbox 95 2101 371 2132; baseline 0.007 -2"><span class='ocrx_word' id='word_1_280' title='bbox 95 2101 204 2131; x_wconf 80' lang='lat' dir='ltr'>nibali.</span> <span class='ocrx_word' id='word_1_281' title='bbox 230 2102 371 2132; x_wconf 74' lang='lat' dir='ltr'>Smom.</span> 
     </span>
    </p>

    <p class='ocr_par' dir='ltr' id='par_1_7' title="bbox 96 2143 765 2226">
     <span class='ocr_line' id='line_1_39' title="bbox 144 2143 765 2184; baseline 0 -11"><span class='ocrx_word' id='word_1_282' title='bbox 144 2153 154 2173; x_wconf 88' lang='lat'>1</span> <span class='ocrx_word' id='word_1_283' title='bbox 180 2146 257 2174; x_wconf 72' lang='lat' dir='ltr'>Non</span> <span class='ocrx_word' id='word_1_284' title='bbox 282 2145 360 2184; x_wconf 79' lang='lat' dir='ltr'>quia</span> <span class='ocrx_word' id='word_1_285' title='bbox 385 2145 517 2182; x_wconf 76' lang='lat' dir='ltr'>rectior]</span> <span class='ocrx_word' id='word_1_286' title='bbox 554 2144 647 2174; x_wconf 89' lang='lat' dir='ltr'>Haec</span> <span class='ocrx_word' id='word_1_287' title='bbox 674 2143 765 2174; x_wconf 70' lang='lat' dir='ltr'>Livio</span> 
     </span>
     <span class='ocr_line' id='line_1_40' title="bbox 96 2184 586 2226; baseline 0.002 -11"><span class='ocrx_word' id='word_1_288' title='bbox 96 2184 169 2224; x_wconf 89' lang='lat' dir='ltr'>ipsi,</span> <span class='ocrx_word' id='word_1_289' title='bbox 184 2196 247 2216; x_wconf 90' lang='lat' dir='ltr'>non</span> <span class='ocrx_word' id='word_1_290' title='bbox 265 2186 403 2226; x_wconf 87' lang='lat' dir='ltr'>Polybio</span> <span class='ocrx_word' id='word_1_291' title='bbox 420 2187 586 2217; x_wconf 81' lang='lat' dir='ltr'>debentur.</span> 
     </span>
    </p>

    <p class='ocr_par' dir='ltr' id='par_1_8' title="bbox 96 2228 766 2384">
     <span class='ocr_line' id='line_1_41' title="bbox 140 2228 765 2267; baseline 0 -9"><span class='ocrx_word' id='word_1_292' title='bbox 140 2237 156 2257; x_wconf 77' lang='lat'><em>2</em></span> <span class='ocrx_word' id='word_1_293' title='bbox 180 2229 291 2266; x_wconf 83' lang='lat' dir='ltr'>Isara]</span> <span class='ocrx_word' id='word_1_294' title='bbox 328 2228 462 2267; x_wconf 87' lang='lat' dir='ltr'>Optima</span> <span class='ocrx_word' id='word_1_295' title='bbox 477 2228 659 2259; x_wconf 84' lang='lat' dir='ltr'>emendatio</span> <span class='ocrx_word' id='word_1_296' title='bbox 675 2229 715 2259; x_wconf 90' lang='lat' dir='ltr'>ad</span> <span class='ocrx_word' id='word_1_297' title='bbox 732 2229 765 2258; x_wconf 82' lang='lat' dir='ltr'>fi-</span> 
     </span>
     <span class='ocr_line' id='line_1_42' title="bbox 96 2270 765 2310; baseline 0.003 -11"><span class='ocrx_word' id='word_1_298' title='bbox 96 2270 169 2299; x_wconf 90' lang='lat' dir='ltr'>dem</span> <span class='ocrx_word' id='word_1_299' title='bbox 193 2270 322 2310; x_wconf 85' lang='lat' dir='ltr'>Polybii</span> <span class='ocrx_word' id='word_1_300' title='bbox 341 2271 438 2307; x_wconf 81' lang='lat' dir='ltr'>faeta,</span> <span class='ocrx_word' id='word_1_301' title='bbox 456 2281 552 2310; x_wconf 87' lang='lat' dir='ltr'>quam</span> <span class='ocrx_word' id='word_1_302' title='bbox 571 2272 598 2301; x_wconf 89' lang='grc' dir='ltr'>Ι.</span> <span class='ocrx_word' id='word_1_303' title='bbox 617 2272 668 2301; x_wconf 90' lang='lat' dir='ltr'>Fr.</span> <span class='ocrx_word' id='word_1_304' title='bbox 687 2272 765 2301; x_wconf 82' lang='lat' dir='ltr'>Gro-</span> 
     </span>
     <span class='ocr_line' id='line_1_43' title="bbox 96 2312 766 2352; baseline 0.003 -11"><span class='ocrx_word' id='word_1_305' title='bbox 96 2322 167 2342; x_wconf 87' lang='lat' dir='ltr'>nov.</span> <span class='ocrx_word' id='word_1_306' title='bbox 187 2312 344 2350; x_wconf 85' lang='lat' dir='ltr'>probavit,</span> <span class='ocrx_word' id='word_1_307' title='bbox 367 2316 399 2342; x_wconf 87' lang='lat' dir='ltr'>et</span> <span class='ocrx_word' id='word_1_308' title='bbox 420 2313 453 2342; x_wconf 87' lang='lat' dir='ltr'>in</span> <span class='ocrx_word' id='word_1_309' title='bbox 477 2317 602 2343; x_wconf 83' lang='lat' dir='ltr'>textum</span> <span class='ocrx_word' id='word_1_310' title='bbox 625 2313 766 2352; x_wconf 84' lang='lat' dir='ltr'>reposuit</span> 
     </span>
     <span class='ocr_line' id='line_1_44' title="bbox 96 2353 236 2384; baseline -0.007 0"><span class='ocrx_word' id='word_1_311' title='bbox 96 2353 236 2384; x_wconf 87' lang='lat' dir='ltr'>Bekker.</span> 
     </span>
    </p>

    <p class='ocr_par' dir='ltr' id='par_1_9' title="bbox 95 2397 767 2603">
     <span class='ocr_line' id='line_1_45' title="bbox 140 2397 767 2436; baseline 0.003 -11"><span class='ocrx_word' id='word_1_312' title='bbox 140 2405 157 2434; x_wconf 82' lang='lat'>3</span> <span class='ocrx_word' id='word_1_313' title='bbox 180 2397 326 2427; x_wconf 75' lang='lat' dir='ltr'>Diversis</span> <span class='ocrx_word' id='word_1_314' title='bbox 351 2408 391 2428; x_wconf 70' lang='lat' dir='ltr'>eoe</span> <span class='ocrx_word' id='word_1_315' title='bbox 416 2398 571 2436; x_wconf 70' lang='lat' dir='ltr'>Alpibus]</span> <span class='ocrx_word' id='word_1_316' title='bbox 607 2398 688 2427; x_wconf 82' lang='lat' dir='ltr'>Arar</span> <span class='ocrx_word' id='word_1_317' title='bbox 713 2408 767 2427; x_wconf 85' lang='lat' dir='ltr'>au—</span> 
     </span>
     <span class='ocr_line' id='line_1_46' title="bbox 95 2438 767 2477; baseline 0.001 -10"><span class='ocrx_word' id='word_1_318' title='bbox 95 2442 161 2467; x_wconf 88' lang='lat' dir='ltr'>tem</span> <span class='ocrx_word' id='word_1_319' title='bbox 188 2438 229 2467; x_wconf 84' lang='lat' dir='ltr'>ad</span> <span class='ocrx_word' id='word_1_320' title='bbox 255 2438 419 2476; x_wconf 85' lang='lat' dir='ltr'>Sequanos</span> <span class='ocrx_word' id='word_1_321' title='bbox 443 2439 674 2477; x_wconf 82' lang='lat' dir='ltr'>Helvetiosque</span> <span class='ocrx_word' id='word_1_322' title='bbox 700 2444 767 2468; x_wconf 86' lang='lat' dir='ltr'>ten-</span> 
     </span>
     <span class='ocr_line' id='line_1_47' title="bbox 98 2479 767 2519; baseline 0.001 -10"><span class='ocrx_word' id='word_1_323' title='bbox 98 2479 156 2516; x_wconf 88' lang='lat' dir='ltr'>dit,</span> <span class='ocrx_word' id='word_1_324' title='bbox 171 2480 263 2510; x_wconf 86' lang='lat' dir='ltr'>Caes.</span> <span class='ocrx_word' id='word_1_325' title='bbox 282 2480 320 2509; x_wconf 86' lang='lat' dir='ltr'>B.</span> <span class='ocrx_word' id='word_1_326' title='bbox 339 2480 379 2509; x_wconf 83' lang='lat' dir='ltr'>G.</span> <span class='ocrx_word' id='word_1_327' title='bbox 398 2480 416 2510; x_wconf 89' lang='lat' dir='ltr'>i.</span> <span class='ocrx_word' id='word_1_328' title='bbox 437 2490 482 2510; x_wconf 76' lang='lat'>12.</span> <span class='ocrx_word' id='word_1_329' title='bbox 500 2491 604 2519; x_wconf 88' lang='lat' dir='ltr'>neque</span> <span class='ocrx_word' id='word_1_330' title='bbox 620 2491 659 2510; x_wconf 86' lang='lat' dir='ltr'>ex</span> <span class='ocrx_word' id='word_1_331' title='bbox 677 2481 767 2519; x_wconf 79' lang='lat' dir='ltr'>Alpi-</span> 
     </span>
     <span class='ocr_line' id='line_1_48' title="bbox 96 2522 766 2561; baseline 0.001 -10"><span class='ocrx_word' id='word_1_332' title='bbox 96 2522 166 2559; x_wconf 87' lang='lat' dir='ltr'>bus,</span> <span class='ocrx_word' id='word_1_333' title='bbox 185 2522 239 2552; x_wconf 87' lang='lat' dir='ltr'>sed</span> <span class='ocrx_word' id='word_1_334' title='bbox 263 2532 301 2551; x_wconf 83' lang='lat' dir='ltr'>ex</span> <span class='ocrx_word' id='word_1_335' title='bbox 325 2526 435 2552; x_wconf 85' lang='lat' dir='ltr'>monte</span> <span class='ocrx_word' id='word_1_336' title='bbox 453 2522 591 2561; x_wconf 71' lang='lat' dir='ltr'>Vogeso,</span> <span class='ocrx_word' id='word_1_337' title='bbox 607 2522 702 2552; x_wconf 90' lang='lat' dir='ltr'>hodie</span> <span class='ocrx_word' id='word_1_338' title='bbox 723 2524 766 2553; x_wconf 81' lang='lat' dir='ltr'>les</span> 
     </span>
     <span class='ocr_line' id='line_1_49' title="bbox 104 2563 469 2603; baseline 0.003 -11"><span class='ocrx_word' id='word_1_339' title='bbox 104 2565 226 2603; x_wconf 79' lang='lat' dir='ltr'>Vosyes,</span> <span class='ocrx_word' id='word_1_340' title='bbox 241 2566 345 2593; x_wconf 87' lang='lat' dir='ltr'>ortum</span> <span class='ocrx_word' id='word_1_341' title='bbox 362 2563 469 2593; x_wconf 86' lang='lat' dir='ltr'>habet.</span> 
     </span>
    </p>

    <p class='ocr_par' dir='ltr' id='par_1_10' title="bbox 96 2605 766 2855">
     <span class='ocr_line' id='line_1_50' title="bbox 139 2605 764 2644; baseline 0 -9"><span class='ocrx_word' id='word_1_342' title='bbox 139 2617 159 2643; x_wconf 85' lang='lat'>4</span> <span class='ocrx_word' id='word_1_343' title='bbox 181 2607 301 2637; x_wconf 75' lang='lat' dir='ltr'>Mediis</span> <span class='ocrx_word' id='word_1_344' title='bbox 316 2607 436 2644; x_wconf 81' lang='lat' dir='ltr'>campis</span> <span class='ocrx_word' id='word_1_345' title='bbox 450 2607 599 2643; x_wconf 79' lang='lat' dir='ltr'>Insulae]</span> <span class='ocrx_word' id='word_1_346' title='bbox 627 2605 711 2640; x_wconf 81' lang='lat' dir='ltr'>Quis</span> <span class='ocrx_word' id='word_1_347' title='bbox 726 2605 764 2635; x_wconf 82' lang='lat' dir='ltr'>sit</span> 
     </span>
     <span class='ocr_line' id='line_1_51' title="bbox 96 2647 764 2686; baseline 0 -9"><span class='ocrx_word' id='word_1_348' title='bbox 96 2647 148 2677; x_wconf 89' lang='lat' dir='ltr'>hic</span> <span class='ocrx_word' id='word_1_349' title='bbox 165 2657 309 2686; x_wconf 82' lang='lat' dir='ltr'>campus,</span> <span class='ocrx_word' id='word_1_350' title='bbox 321 2648 400 2677; x_wconf 90' lang='lat' dir='ltr'>mire</span> <span class='ocrx_word' id='word_1_351' title='bbox 415 2648 589 2678; x_wconf 84' lang='lat' dir='ltr'>dubitatur.</span> <span class='ocrx_word' id='word_1_352' title='bbox 622 2647 688 2684; x_wconf 90' lang='lat' dir='ltr'>Illi,</span> <span class='ocrx_word' id='word_1_353' title='bbox 698 2647 764 2686; x_wconf 88' lang='lat' dir='ltr'>qui-</span> 
     </span>
     <span class='ocr_line' id='line_1_52' title="bbox 97 2689 764 2729; baseline 0.001 -11"><span class='ocrx_word' id='word_1_354' title='bbox 97 2691 156 2720; x_wconf 88' lang='lat' dir='ltr'>bus</span> <span class='ocrx_word' id='word_1_355' title='bbox 172 2700 231 2719; x_wconf 87' lang='lat' dir='ltr'>vox</span> <span class='ocrx_word' id='word_1_356' title='bbox 248 2692 339 2720; x_wconf 79' lang='lat' dir='ltr'>Arar</span> <span class='ocrx_word' id='word_1_357' title='bbox 358 2700 422 2720; x_wconf 88' lang='lat' dir='ltr'>non</span> <span class='ocrx_word' id='word_1_358' title='bbox 446 2689 604 2729; x_wconf 72' lang='lat' dir='ltr'>displicet,</span> <span class='ocrx_word' id='word_1_359' title='bbox 628 2690 764 2719; x_wconf 82' lang='lat' dir='ltr'>insulam</span> 
     </span>
     <span class='ocr_line' id='line_1_53' title="bbox 98 2731 766 2771; baseline 0 -10"><span class='ocrx_word' id='word_1_360' title='bbox 98 2731 199 2769; x_wconf 86' lang='lat' dir='ltr'>illam,</span> <span class='ocrx_word' id='word_1_361' title='bbox 225 2742 308 2771; x_wconf 86' lang='lat' dir='ltr'>quae</span> <span class='ocrx_word' id='word_1_362' title='bbox 339 2733 380 2762; x_wconf 88' lang='lat' dir='ltr'>ad</span> <span class='ocrx_word' id='word_1_363' title='bbox 413 2732 519 2762; x_wconf 77' lang='lat' dir='ltr'>Araris</span> <span class='ocrx_word' id='word_1_364' title='bbox 552 2736 581 2762; x_wconf 87' lang='lat' dir='ltr'>et</span> <span class='ocrx_word' id='word_1_365' title='bbox 615 2732 766 2762; x_wconf 78' lang='lat' dir='ltr'>Rhodani</span> 
     </span>
     <span class='ocr_line' id='line_1_54' title="bbox 97 2774 764 2813; baseline 0.003 -11"><span class='ocrx_word' id='word_1_366' title='bbox 97 2775 295 2804; x_wconf 82' lang='lat' dir='ltr'>confluentes</span> <span class='ocrx_word' id='word_1_367' title='bbox 317 2778 375 2809; x_wconf 86' lang='lat' dir='ltr'>est,</span> <span class='ocrx_word' id='word_1_368' title='bbox 397 2774 428 2804; x_wconf 78' lang='lat' dir='ltr'>ir.</span> <span class='ocrx_word' id='word_1_369' title='bbox 453 2785 515 2812; x_wconf 80' lang='lat' dir='ltr'>qua</span> <span class='ocrx_word' id='word_1_370' title='bbox 540 2775 613 2803; x_wconf 76' lang='lat' dir='ltr'>urbs</span> <span class='ocrx_word' id='word_1_371' title='bbox 637 2775 764 2813; x_wconf 76' lang='lat' dir='ltr'>Lugdu-</span> 
     </span>
     <span class='ocr_line' id='line_1_55' title="bbox 98 2816 765 2855; baseline 0 -10"><span class='ocrx_word' id='word_1_372' title='bbox 98 2826 174 2846; x_wconf 87' lang='lat' dir='ltr'>num</span> <span class='ocrx_word' id='word_1_373' title='bbox 198 2816 257 2846; x_wconf 81' lang='lat' dir='ltr'>sita</span> <span class='ocrx_word' id='word_1_374' title='bbox 281 2821 337 2846; x_wconf 85' lang='lat' dir='ltr'>est.</span> <span class='ocrx_word' id='word_1_375' title='bbox 362 2817 552 2855; x_wconf 60' lang='lat' dir='ltr'>intellig-unt.</span> <span class='ocrx_word' id='word_1_376' title='bbox 600 2816 664 2847; x_wconf 80' lang='lat' dir='ltr'>Alii</span> <span class='ocrx_word' id='word_1_377' title='bbox 683 2827 765 2853; x_wconf 79' lang='lat' dir='ltr'>vero,</span> 
     </span>
    </p>
   </div>
   <div class='ocr_carea' id='block_1_5' title="bbox 809 1722 1485 2848">
    <p class='ocr_par' dir='ltr' id='par_1_11' title="bbox 809 1722 1485 2721">
     <span class='ocr_line' id='line_1_56' title="bbox 814 1722 1485 1763; baseline 0.004 -12"><span class='ocrx_word' id='word_1_378' title='bbox 814 1722 928 1761; x_wconf 83' lang='lat' dir='ltr'>quibus</span> <span class='ocrx_word' id='word_1_379' title='bbox 943 1734 1001 1752; x_wconf 74' lang='lat' dir='ltr'>vox</span> <span class='ocrx_word' id='word_1_380' title='bbox 1019 1725 1152 1753; x_wconf 61' lang='lat' dir='ltr'>diversis</span> <span class='ocrx_word' id='word_1_381' title='bbox 1169 1725 1354 1763; x_wconf 83' lang='lat' dir='ltr'>scrupulum</span> <span class='ocrx_word' id='word_1_382' title='bbox 1372 1724 1485 1761; x_wconf 64' lang='lat' dir='ltr'>inficit,</span> 
     </span>
     <span class='ocr_line' id='line_1_57' title="bbox 814 1765 1484 1796; baseline 0.003 -2"><span class='ocrx_word' id='word_1_383' title='bbox 814 1765 951 1795; x_wconf 86' lang='lat' dir='ltr'>insulam</span> <span class='ocrx_word' id='word_1_384' title='bbox 986 1766 1027 1795; x_wconf 86' lang='lat' dir='ltr'>ad</span> <span class='ocrx_word' id='word_1_385' title='bbox 1060 1766 1211 1796; x_wconf 82' lang='lat' dir='ltr'>Rhodani</span> <span class='ocrx_word' id='word_1_386' title='bbox 1243 1771 1273 1796; x_wconf 91' lang='lat' dir='ltr'>et</span> <span class='ocrx_word' id='word_1_387' title='bbox 1305 1766 1484 1796; x_wconf 86' lang='lat' dir='ltr'>Druentiae</span> 
     </span>
     <span class='ocr_line' id='line_1_58' title="bbox 815 1808 1485 1845; baseline 0.001 -8"><span class='ocrx_word' id='word_1_388' title='bbox 815 1808 1012 1837; x_wconf 88' lang='lat' dir='ltr'>confluentes</span> <span class='ocrx_word' id='word_1_389' title='bbox 1049 1818 1117 1838; x_wconf 82' lang='lat' dir='ltr'>esse</span> <span class='ocrx_word' id='word_1_390' title='bbox 1159 1808 1250 1838; x_wconf 78' lang='lat' dir='ltr'>variis</span> <span class='ocrx_word' id='word_1_391' title='bbox 1291 1809 1485 1845; x_wconf 68' lang='lat' dir='ltr'>argumentis</span> 
     </span>
     <span class='ocr_line' id='line_1_59' title="bbox 813 1850 1485 1890; baseline 0.001 -11"><span class='ocrx_word' id='word_1_392' title='bbox 813 1850 1001 1880; x_wconf 81' lang='lat' dir='ltr'>confirmare</span> <span class='ocrx_word' id='word_1_393' title='bbox 1030 1853 1176 1880; x_wconf 83' lang='lat' dir='ltr'>tentant:</span> <span class='ocrx_word' id='word_1_394' title='bbox 1212 1852 1267 1880; x_wconf 81' lang='lat' dir='ltr'>sed</span> <span class='ocrx_word' id='word_1_395' title='bbox 1297 1851 1376 1880; x_wconf 89' lang='lat' dir='ltr'>nihil</span> <span class='ocrx_word' id='word_1_396' title='bbox 1404 1861 1485 1890; x_wconf 84' lang='lat' dir='ltr'>opus</span> 
     </span>
     <span class='ocr_line' id='line_1_60' title="bbox 813 1892 1485 1932; baseline 0.003 -11"><span class='ocrx_word' id='word_1_397' title='bbox 813 1896 872 1929; x_wconf 74' lang='lat' dir='ltr'>est,</span> <span class='ocrx_word' id='word_1_398' title='bbox 887 1892 1008 1931; x_wconf 87' lang='lat' dir='ltr'>quippe</span> <span class='ocrx_word' id='word_1_399' title='bbox 1032 1893 1120 1922; x_wconf 84' lang='lat' dir='ltr'>Isara</span> <span class='ocrx_word' id='word_1_400' title='bbox 1142 1902 1181 1922; x_wconf 85' lang='lat' dir='ltr'>ex</span> <span class='ocrx_word' id='word_1_401' title='bbox 1206 1893 1345 1932; x_wconf 84' lang='lat' dir='ltr'>Alpibus</span> <span class='ocrx_word' id='word_1_402' title='bbox 1368 1893 1485 1929; x_wconf 80' lang='lat' dir='ltr'>Graiis,</span> 
     </span>
     <span class='ocr_line' id='line_1_61' title="bbox 815 1934 1484 1973; baseline 0.004 -10"><span class='ocrx_word' id='word_1_403' title='bbox 815 1934 994 1964; x_wconf 82' lang='lat' dir='ltr'>Rhodanus</span> <span class='ocrx_word' id='word_1_404' title='bbox 1005 1945 1043 1964; x_wconf 80' lang='lat' dir='ltr'>ex</span> <span class='ocrx_word' id='word_1_405' title='bbox 1056 1935 1224 1973; x_wconf 85' lang='lat' dir='ltr'>Lepontiis</span> <span class='ocrx_word' id='word_1_406' title='bbox 1236 1940 1339 1965; x_wconf 89' lang='lat' dir='ltr'>ortum</span> <span class='ocrx_word' id='word_1_407' title='bbox 1354 1936 1484 1966; x_wconf 81' lang='lat' dir='ltr'>habent.</span> 
     </span>
     <span class='ocr_line' id='line_1_62' title="bbox 813 1976 1484 2016; baseline 0.003 -11"><span class='ocrx_word' id='word_1_408' title='bbox 813 1976 976 2006; x_wconf 80' lang='lat' dir='ltr'>Gronovio</span> <span class='ocrx_word' id='word_1_409' title='bbox 997 1981 1118 2013; x_wconf 83' lang='lat' dir='ltr'>autem,</span> <span class='ocrx_word' id='word_1_410' title='bbox 1133 1978 1174 2006; x_wconf 89' lang='lat' dir='ltr'>ad</span> <span class='ocrx_word' id='word_1_411' title='bbox 1197 1978 1286 2006; x_wconf 86' lang='lat' dir='ltr'>cuius</span> <span class='ocrx_word' id='word_1_412' title='bbox 1309 1982 1415 2016; x_wconf 83' lang='lat' dir='ltr'>partes</span> <span class='ocrx_word' id='word_1_413' title='bbox 1433 1978 1484 2007; x_wconf 89' lang='lat' dir='ltr'>l)c</span> 
     </span>
     <span class='ocr_line' id='line_1_63' title="bbox 813 2018 1482 2055; baseline 0.001 -7"><span class='ocrx_word' id='word_1_414' title='bbox 813 2018 952 2048; x_wconf 87' lang='lat' dir='ltr'>Luccius</span> <span class='ocrx_word' id='word_1_415' title='bbox 976 2023 1006 2048; x_wconf 91' lang='lat' dir='ltr'>et</span> <span class='ocrx_word' id='word_1_416' title='bbox 1031 2019 1214 2050; x_wconf 80' lang='lat' dir='ltr'>Cramerius</span> <span class='ocrx_word' id='word_1_417' title='bbox 1240 2020 1410 2055; x_wconf 85' lang='lat' dir='ltr'>accedunt,</span> <span class='ocrx_word' id='word_1_418' title='bbox 1438 2020 1482 2049; x_wconf 85' lang='lat' dir='ltr'>in-</span> 
     </span>
     <span class='ocr_line' id='line_1_64' title="bbox 811 2061 1483 2091; baseline 0.001 -1"><span class='ocrx_word' id='word_1_419' title='bbox 811 2061 881 2090; x_wconf 83' lang='lat' dir='ltr'>sula</span> <span class='ocrx_word' id='word_1_420' title='bbox 906 2061 963 2090; x_wconf 82' lang='lat' dir='ltr'>illa</span> <span class='ocrx_word' id='word_1_421' title='bbox 985 2061 1026 2090; x_wconf 90' lang='lat' dir='ltr'>ad</span> <span class='ocrx_word' id='word_1_422' title='bbox 1050 2061 1202 2091; x_wconf 87' lang='lat' dir='ltr'>Rhodani</span> <span class='ocrx_word' id='word_1_423' title='bbox 1227 2066 1256 2091; x_wconf 85' lang='lat' dir='ltr'>et</span> <span class='ocrx_word' id='word_1_424' title='bbox 1280 2062 1386 2091; x_wconf 83' lang='lat' dir='ltr'>Isarae</span> <span class='ocrx_word' id='word_1_425' title='bbox 1410 2072 1483 2091; x_wconf 88' lang='lat' dir='ltr'>con-</span> 
     </span>
     <span class='ocr_line' id='line_1_65' title="bbox 811 2103 1483 2142; baseline 0.003 -10"><span class='ocrx_word' id='word_1_426' title='bbox 811 2103 947 2133; x_wconf 81' lang='lat' dir='ltr'>fluentes</span> <span class='ocrx_word' id='word_1_427' title='bbox 984 2103 1036 2133; x_wconf 89' lang='lat' dir='ltr'>hic</span> <span class='ocrx_word' id='word_1_428' title='bbox 1068 2103 1204 2142; x_wconf 82' lang='lat' dir='ltr'>intelligi</span> <span class='ocrx_word' id='word_1_429' title='bbox 1237 2103 1372 2141; x_wconf 72' lang='lat' dir='ltr'>videtur,</span> <span class='ocrx_word' id='word_1_430' title='bbox 1401 2114 1483 2142; x_wconf 82' lang='lat' dir='ltr'>quae</span> 
     </span>
     <span class='ocr_line' id='line_1_66' title="bbox 810 2145 1481 2184; baseline 0.001 -10"><span class='ocrx_word' id='word_1_431' title='bbox 810 2145 896 2175; x_wconf 88' lang='lat' dir='ltr'>haud</span> <span class='ocrx_word' id='word_1_432' title='bbox 924 2145 1019 2175; x_wconf 87' lang='lat' dir='ltr'>dubie</span> <span class='ocrx_word' id='word_1_433' title='bbox 1044 2145 1145 2184; x_wconf 83' lang='lat' dir='ltr'>magis</span> <span class='ocrx_word' id='word_1_434' title='bbox 1171 2146 1211 2175; x_wconf 84' lang='lat' dir='ltr'>ad</span> <span class='ocrx_word' id='word_1_435' title='bbox 1239 2146 1481 2176; x_wconf 83' lang='lat' dir='ltr'>similitudinem</span> 
     </span>
     <span class='ocr_line' id='line_1_67' title="bbox 812 2187 1482 2228; baseline 0 -11"><span class='ocrx_word' id='word_1_436' title='bbox 812 2188 930 2217; x_wconf 88' lang='lat' dir='ltr'>Deltae</span> <span class='ocrx_word' id='word_1_437' title='bbox 953 2187 1040 2217; x_wconf 86' lang='lat' dir='ltr'>illius</span> <span class='ocrx_word' id='word_1_438' title='bbox 1056 2187 1286 2227; x_wconf 83' lang='lat' dir='ltr'>Aegyptiacae,</span> <span class='ocrx_word' id='word_1_439' title='bbox 1303 2192 1337 2218; x_wconf 88' lang='lat' dir='ltr'>ut</span> <span class='ocrx_word' id='word_1_440' title='bbox 1355 2188 1482 2228; x_wconf 87' lang='lat' dir='ltr'>Polybii</span> 
     </span>
     <span class='ocr_line' id='line_1_68' title="bbox 812 2230 1482 2268; baseline 0.001 -10"><span class='ocrx_word' id='word_1_441' title='bbox 812 2230 915 2259; x_wconf 66' lang='lat' dir='ltr'>rerbis</span> <span class='ocrx_word' id='word_1_442' title='bbox 925 2234 1026 2268; x_wconf 86' lang='lat' dir='ltr'>utar,q</span> <span class='ocrx_word' id='word_1_443' title='bbox 1032 2239 1106 2259; x_wconf 82' lang='lat' dir='ltr'>uam</span> <span class='ocrx_word' id='word_1_444' title='bbox 1114 2231 1196 2259; x_wconf 91' lang='lat' dir='ltr'>duae</span> <span class='ocrx_word' id='word_1_445' title='bbox 1206 2230 1282 2260; x_wconf 84' lang='lat' dir='ltr'>illae</span> <span class='ocrx_word' id='word_1_446' title='bbox 1294 2230 1482 2268; x_wconf 79' lang='lat' dir='ltr'>priores,ci1·-</span> 
     </span>
     <span class='ocr_line' id='line_1_69' title="bbox 812 2271 1481 2311; baseline 0 -10"><span class='ocrx_word' id='word_1_447' title='bbox 812 2271 1005 2310; x_wconf 84' lang='lat' dir='ltr'>cumscripta</span> <span class='ocrx_word' id='word_1_448' title='bbox 1022 2276 1078 2302; x_wconf 80' lang='lat' dir='ltr'>est.</span> <span class='ocrx_word' id='word_1_449' title='bbox 1116 2272 1190 2302; x_wconf 90' lang='lat' dir='ltr'>Hoc</span> <span class='ocrx_word' id='word_1_450' title='bbox 1203 2282 1330 2310; x_wconf 82' lang='lat' dir='ltr'>quoque</span> <span class='ocrx_word' id='word_1_451' title='bbox 1348 2273 1481 2311; x_wconf 78' lang='lat' dir='ltr'>probant</span> 
     </span>
     <span class='ocr_line' id='line_1_70' title="bbox 811 2314 1482 2352; baseline -0.001 -9"><span class='ocrx_word' id='word_1_452' title='bbox 811 2324 909 2352; x_wconf 88' lang='lat' dir='ltr'>quum</span> <span class='ocrx_word' id='word_1_453' title='bbox 934 2314 997 2344; x_wconf 86' lang='lat' dir='ltr'>alia</span> <span class='ocrx_word' id='word_1_454' title='bbox 1020 2314 1134 2350; x_wconf 85' lang='lat' dir='ltr'>multa,</span> <span class='ocrx_word' id='word_1_455' title='bbox 1150 2319 1218 2343; x_wconf 88' lang='lat' dir='ltr'>tum</span> <span class='ocrx_word' id='word_1_456' title='bbox 1243 2314 1303 2343; x_wconf 86' lang='lat' dir='ltr'>hoc</span> <span class='ocrx_word' id='word_1_457' title='bbox 1321 2316 1368 2344; x_wconf 79' lang='lat' dir='ltr'>vel</span> <span class='ocrx_word' id='word_1_458' title='bbox 1394 2324 1482 2343; x_wconf 79' lang='lat' dir='ltr'>max-</span> 
     </span>
     <span class='ocr_line' id='line_1_71' title="bbox 811 2355 1480 2395; baseline -0.001 -10"><span class='ocrx_word' id='word_1_459' title='bbox 811 2355 885 2391; x_wconf 70' lang='lat' dir='ltr'>ime,</span> <span class='ocrx_word' id='word_1_460' title='bbox 902 2357 987 2394; x_wconf 87' lang='lat' dir='ltr'>quod</span> <span class='ocrx_word' id='word_1_461' title='bbox 1010 2356 1177 2395; x_wconf 73' lang='lat' dir='ltr'>Polybius,</span> <span class='ocrx_word' id='word_1_462' title='bbox 1196 2366 1291 2394; x_wconf 78' lang='lat' dir='ltr'>quem</span> <span class='ocrx_word' id='word_1_463' title='bbox 1315 2356 1366 2385; x_wconf 83' lang='lat' dir='ltr'>hic</span> <span class='ocrx_word' id='word_1_464' title='bbox 1389 2355 1480 2385; x_wconf 75' lang='lat' dir='ltr'>vertit</span> 
     </span>
     <span class='ocr_line' id='line_1_72' title="bbox 812 2397 1481 2435; baseline -0.001 -8"><span class='ocrx_word' id='word_1_465' title='bbox 812 2403 929 2435; x_wconf 82' lang='lat' dir='ltr'>noster,</span> <span class='ocrx_word' id='word_1_466' title='bbox 946 2398 976 2427; x_wconf 90' lang='lat' dir='ltr'>in</span> <span class='ocrx_word' id='word_1_467' title='bbox 1001 2398 1106 2427; x_wconf 87' lang='lat' dir='ltr'>insula</span> <span class='ocrx_word' id='word_1_468' title='bbox 1126 2398 1183 2427; x_wconf 88' lang='lat' dir='ltr'>illa</span> <span class='ocrx_word' id='word_1_469' title='bbox 1204 2408 1299 2435; x_wconf 80' lang='lat' dir='ltr'>qumn</span> <span class='ocrx_word' id='word_1_470' title='bbox 1322 2397 1481 2434; x_wconf 82' lang='lat' dir='ltr'>describit,</span> 
     </span>
     <span class='ocr_line' id='line_1_73' title="bbox 812 2440 1482 2478; baseline -0.001 -9"><span class='ocrx_word' id='word_1_471' title='bbox 812 2441 845 2469; x_wconf 82' lang='lat' dir='ltr'>in</span> <span class='ocrx_word' id='word_1_472' title='bbox 870 2442 952 2478; x_wconf 71' lang='lat' dir='ltr'>ipsa,</span> <span class='ocrx_word' id='word_1_473' title='bbox 973 2440 1116 2477; x_wconf 83' lang='lat' dir='ltr'>inquam,</span> <span class='ocrx_word' id='word_1_474' title='bbox 1140 2440 1258 2471; x_wconf 77' lang='lat' dir='ltr'>insula,</span> <span class='ocrx_word' id='word_1_475' title='bbox 1284 2450 1346 2468; x_wconf 89' lang='lat' dir='ltr'>non</span> <span class='ocrx_word' id='word_1_476' title='bbox 1369 2450 1482 2477; x_wconf 72' lang='lat' dir='ltr'>prope,</span> 
     </span>
     <span class='ocr_line' id='line_1_74' title="bbox 813 2480 1482 2519; baseline 0.001 -10"><span class='ocrx_word' id='word_1_477' title='bbox 813 2482 1085 2519; x_wconf 86' lang='lat' dir='ltr'>quemadmodum</span> <span class='ocrx_word' id='word_1_478' title='bbox 1107 2480 1227 2513; x_wconf 69' lang='lat' dir='ltr'>Livius,</span> <span class='ocrx_word' id='word_1_479' title='bbox 1243 2480 1320 2509; x_wconf 86' lang='lat' dir='ltr'>dicit</span> <span class='ocrx_word' id='word_1_480' title='bbox 1343 2480 1482 2510; x_wconf 84' lang='lat' dir='ltr'>incolere</span> 
     </span>
     <span class='ocr_line' id='line_1_75' title="bbox 811 2522 1479 2561; baseline 0.001 -10"><span class='ocrx_word' id='word_1_481' title='bbox 811 2524 1008 2561; x_wconf 80' lang='lat' dir='ltr'>Allobroges.</span> <span class='ocrx_word' id='word_1_482' title='bbox 1059 2522 1247 2560; x_wconf 83' lang='lat' dir='ltr'>Allobroges</span> <span class='ocrx_word' id='word_1_483' title='bbox 1276 2527 1384 2552; x_wconf 82' lang='lat' dir='ltr'>autem</span> <span class='ocrx_word' id='word_1_484' title='bbox 1417 2533 1479 2552; x_wconf 84' lang='lat' dir='ltr'>non</span> 
     </span>
     <span class='ocr_line' id='line_1_76' title="bbox 811 2561 1479 2600; baseline 0.001 -7"><span class='ocrx_word' id='word_1_485' title='bbox 811 2565 893 2594; x_wconf 87' lang='lat' dir='ltr'>inter</span> <span class='ocrx_word' id='word_1_486' title='bbox 915 2561 1165 2594; x_wconf 61' lang='lat' dir='ltr'>Rhodanunset</span> <span class='ocrx_word' id='word_1_487' title='bbox 1190 2564 1327 2600; x_wconf 82' lang='lat' dir='ltr'>Ararim,</span> <span class='ocrx_word' id='word_1_488' title='bbox 1350 2566 1404 2594; x_wconf 86' lang='lat' dir='ltr'>sed</span> <span class='ocrx_word' id='word_1_489' title='bbox 1433 2565 1479 2594; x_wconf 89' lang='lat' dir='ltr'>in-</span> 
     </span>
     <span class='ocr_line' id='line_1_77' title="bbox 809 2606 1479 2637; baseline 0.003 -2"><span class='ocrx_word' id='word_1_490' title='bbox 809 2610 857 2636; x_wconf 84' lang='lat' dir='ltr'>ter</span> <span class='ocrx_word' id='word_1_491' title='bbox 874 2606 1071 2636; x_wconf 84' lang='lat' dir='ltr'>Rhodanum</span> <span class='ocrx_word' id='word_1_492' title='bbox 1093 2609 1123 2635; x_wconf 92' lang='lat' dir='ltr'>et</span> <span class='ocrx_word' id='word_1_493' title='bbox 1142 2606 1263 2635; x_wconf 83' lang='lat' dir='ltr'>Isaram</span> <span class='ocrx_word' id='word_1_494' title='bbox 1286 2606 1479 2637; x_wconf 82' lang='lat' dir='ltr'>incolebant.</span> 
     </span>
     <span class='ocr_line' id='line_1_78' title="bbox 812 2648 1480 2687; baseline 0.003 -10"><span class='ocrx_word' id='word_1_495' title='bbox 812 2649 927 2686; x_wconf 82' lang='lat' dir='ltr'>Itaque</span> <span class='ocrx_word' id='word_1_496' title='bbox 950 2652 1021 2687; x_wconf 83' lang='lat' dir='ltr'>post</span> <span class='ocrx_word' id='word_1_497' title='bbox 1040 2658 1142 2687; x_wconf 76' lang='lat' dir='ltr'>prope</span> <span class='ocrx_word' id='word_1_498' title='bbox 1164 2648 1299 2678; x_wconf 80' lang='lat' dir='ltr'>subaudi</span> <span class='ocrx_word' id='word_1_499' title='bbox 1321 2652 1480 2687; x_wconf 73' lang='lat' dir='ltr'>confluen-</span> 
     </span>
     <span class='ocr_line' id='line_1_79' title="bbox 811 2695 864 2721; baseline 0.019 -1"><span class='ocrx_word' id='word_1_500' title='bbox 811 2695 864 2721; x_wconf 76' lang='lat' dir='ltr'>tes.</span> 
     </span>
    </p>

    <p class='ocr_par' dir='ltr' id='par_1_12' title="bbox 811 2732 1479 2848">
     <span class='ocr_line' id='line_1_80' title="bbox 855 2732 1479 2772; baseline 0.002 -10"><span class='ocrx_word' id='word_1_501' title='bbox 855 2743 871 2771; x_wconf 67' lang='grc' dir='ltr'>ξ,</span> <span class='ocrx_word' id='word_1_502' title='bbox 895 2735 964 2762; x_wconf 78' lang='lat' dir='ltr'>Iam</span> <span class='ocrx_word' id='word_1_503' title='bbox 982 2734 1071 2770; x_wconf 79' lang='lat' dir='ltr'>inde]</span> <span class='ocrx_word' id='word_1_504' title='bbox 1092 2732 1161 2762; x_wconf 89' lang='lat' dir='ltr'>Hoc</span> <span class='ocrx_word' id='word_1_505' title='bbox 1174 2732 1263 2762; x_wconf 85' lang='lat' dir='ltr'>addit</span> <span class='ocrx_word' id='word_1_506' title='bbox 1276 2733 1479 2772; x_wconf 67' lang='lat' dir='ltr'>Livi11s,quia</span> 
     </span>
     <span class='ocr_line' id='line_1_81' title="bbox 811 2775 1479 2814; baseline 0.003 -12"><span class='ocrx_word' id='word_1_507' title='bbox 811 2779 918 2813; x_wconf 76' lang='lat' dir='ltr'>postea</span> <span class='ocrx_word' id='word_1_508' title='bbox 940 2775 1079 2805; x_wconf 81' lang='lat' dir='ltr'>maxime</span> <span class='ocrx_word' id='word_1_509' title='bbox 1094 2786 1170 2811; x_wconf 66' lang='lat' dir='ltr'>gens</span> <span class='ocrx_word' id='word_1_510' title='bbox 1187 2775 1394 2813; x_wconf 68' lang='lat' dir='ltr'>Allobrogum</span> <span class='ocrx_word' id='word_1_511' title='bbox 1414 2776 1479 2814; x_wconf 61' lang='lat' dir='ltr'>opi&gt;</span> 
     </span>
     <span class='ocr_line' id='line_1_82' title="bbox 813 2817 1479 2848; baseline 0 -2"><span class='ocrx_word' id='word_1_512' title='bbox 813 2819 868 2846; x_wconf 63' lang='lat' dir='ltr'>bus</span> <span class='ocrx_word' id='word_1_513' title='bbox 894 2822 922 2847; x_wconf 78' lang='lat' dir='ltr'>ct</span> <span class='ocrx_word' id='word_1_514' title='bbox 956 2819 1038 2847; x_wconf 77' lang='lat' dir='ltr'>fama</span> <span class='ocrx_word' id='word_1_515' title='bbox 1070 2817 1227 2847; x_wconf 78' lang='lat' dir='ltr'>inclaruit.</span> <span class='ocrx_word' id='word_1_516' title='bbox 1257 2819 1361 2848; x_wconf 63' lang='lat' dir='ltr'>Cum.</span> <span class='ocrx_word' id='word_1_517' title='bbox 1410 2818 1479 2848; x_wconf 63' lang='lat' dir='ltr'>Nisi</span> 
     </span>
    </p>
   </div>
  </div>
 </body>
</html>
