<?xml version="1.0" encoding="UTF-8"?>
<!DOCTYPE html PUBLIC "-//W3C//DTD XHTML 1.0 Transitional//EN"
    "http://www.w3.org/TR/xhtml1/DTD/xhtml1-transitional.dtd">
<html xmlns="http://www.w3.org/1999/xhtml" xml:lang="en" lang="en">
 <head>
  <title>
</title>
<meta http-equiv="Content-Type" content="text/html;charset=utf-8" />
  <meta name='ocr-system' content='tesseract 3.04.00' />
  <meta name='ocr-capabilities' content='ocr_page ocr_carea ocr_par ocr_line ocrx_word'/>
</head>
<body>
  <div class='ocr_page' id='page_1' title='image "./historiarumaburb02livyuoft_0167.png"; bbox 0 0 1871 3178; ppageno 0'>
   <div class='ocr_carea' id='block_1_1' title="bbox 491 100 1494 144">
    <p class='ocr_par' dir='ltr' id='par_1_1' title="bbox 491 100 1494 144">
     <span class='ocr_line' id='line_1_1' title="bbox 491 100 1494 144; baseline 0.003 -4"><span class='ocrx_word' id='word_1_1' title='bbox 491 100 609 141; x_wconf 85' lang='lat' dir='ltr'>LIB.</span> <span class='ocrx_word' id='word_1_2' title='bbox 651 100 822 140; x_wconf 84' lang='lat' dir='ltr'><strong>XXIII.</strong></span> <span class='ocrx_word' id='word_1_3' title='bbox 868 100 1012 140; x_wconf 68' lang='lat' dir='ltr'>(JAP.</span> <span class='ocrx_word' id='word_1_4' title='bbox 1047 105 1112 141; x_wconf 76' lang='lat'>33.</span> <span class='ocrx_word' id='word_1_5' title='bbox 1422 105 1494 144; x_wconf 79' lang='lat'>157</span> 
     </span>
    </p>
   </div>
   <div class='ocr_carea' id='block_1_2' title="bbox 83 188 1711 2348">
    <p class='ocr_par' dir='ltr' id='par_1_2' title="bbox 114 188 1707 527">
     <span class='ocr_line' id='line_1_2' title="bbox 116 188 1707 243; baseline 0.001 -15"><span class='ocrx_word' id='word_1_6' title='bbox 116 194 126 212; x_wconf 89' lang='lat'>‘</span> <span class='ocrx_word' id='word_1_7' title='bbox 147 188 232 236; x_wconf 74' lang='lat' dir='ltr'>Qui</span> <span class='ocrx_word' id='word_1_8' title='bbox 249 203 330 227; x_wconf 91' lang='lat' dir='ltr'>non</span> <span class='ocrx_word' id='word_1_9' title='bbox 353 189 586 234; x_wconf 79' lang='lat' dir='ltr'>invexisset,</span> <span class='ocrx_word' id='word_1_10' title='bbox 605 189 693 229; x_wconf 86' lang='lat' dir='ltr'>eius</span> <span class='ocrx_word' id='word_1_11' title='bbox 711 204 752 228; x_wconf 83' lang='lat' dir='ltr'>se</span> <span class='ocrx_word' id='word_1_12' title='bbox 770 203 912 242; x_wconf 68' lang='lat' dir='ltr'>agrum</span> <span class='ocrx_word' id='word_1_13' title='bbox 936 189 1245 243; x_wconf 88' lang='lat' dir='ltr'>populaturum,</span> <span class='ocrx_word' id='word_1_14' title='bbox 1264 205 1399 229; x_wconf 80' lang='lat' dir='ltr'>servos</span> <span class='ocrx_word' id='word_1_15' title='bbox 1422 191 1496 231; x_wconf 78' lang='lat' dir='ltr'>sul)</span> <span class='ocrx_word' id='word_1_16' title='bbox 1516 200 1556 232; x_wconf 69' lang='grc' dir='ltr'>Γ.</span> <span class='ocrx_word' id='word_1_17' title='bbox 1574 201 1610 231; x_wconf 70' lang='grc' dir='ltr'>(ἕ.</span> <span class='ocrx_word' id='word_1_18' title='bbox 1636 209 1707 239; x_wconf 72' lang='lat'>537.</span> 
     </span>
     <span class='ocr_line' id='line_1_3' title="bbox 115 245 1707 300; baseline -0.003 -15"><span class='ocrx_word' id='word_1_19' title='bbox 115 245 260 285; x_wconf 70' lang='lat' dir='ltr'>‘hasta</span> <span class='ocrx_word' id='word_1_20' title='bbox 295 246 575 294; x_wconf 76' lang='lat' dir='ltr'>venditurum,</span> <span class='ocrx_word' id='word_1_21' title='bbox 614 246 727 285; x_wconf 75' lang='lat' dir='ltr'>villas</span> <span class='ocrx_word' id='word_1_22' title='bbox 764 246 1056 285; x_wconf 80' lang='lat' dir='ltr'>ineensurum.&#39;</span> <span class='ocrx_word' id='word_1_23' title='bbox 1137 245 1199 285; x_wconf 74' lang='lat' dir='ltr'>Nc</span> <span class='ocrx_word' id='word_1_24' title='bbox 1243 248 1497 300; x_wconf 73' lang='lat' dir='ltr'>praetoribus</span> <span class='ocrx_word' id='word_1_25' title='bbox 1515 245 1551 274; x_wconf 71' lang='lat' dir='ltr'>A.</span> <span class='ocrx_word' id='word_1_26' title='bbox 1576 245 1612 273; x_wconf 75' lang='lat' dir='ltr'>(J.</span> <span class='ocrx_word' id='word_1_27' title='bbox 1637 253 1707 280; x_wconf 78' lang='lat'><strong>²¹5·</strong></span> 
     </span>
     <span class='ocr_line' id='line_1_4' title="bbox 115 302 1496 357; baseline 0.001 -16"><span class='ocrx_word' id='word_1_28' title='bbox 115 302 299 357; x_wconf 85' lang='lat' dir='ltr'>quidem.</span> <span class='ocrx_word' id='word_1_29' title='bbox 323 303 394 357; x_wconf 81' lang='lat' dir='ltr'>qui</span> <span class='ocrx_word' id='word_1_30' title='bbox 427 303 477 342; x_wconf 83' lang='lat' dir='ltr'>ad</span> <span class='ocrx_word' id='word_1_31' title='bbox 503 303 564 342; x_wconf 79' lang='lat' dir='ltr'>ius</span> <span class='ocrx_word' id='word_1_32' title='bbox 585 302 809 342; x_wconf 83' lang='lat' dir='ltr'>dicendum</span> <span class='ocrx_word' id='word_1_33' title='bbox 833 303 959 342; x_wconf 83' lang='lat' dir='ltr'>creati</span> <span class='ocrx_word' id='word_1_34' title='bbox 989 312 1119 349; x_wconf 88' lang='lat' dir='ltr'>erant,</span> <span class='ocrx_word' id='word_1_35' title='bbox 1143 303 1301 342; x_wconf 80' lang='lat' dir='ltr'>vacatio</span> <span class='ocrx_word' id='word_1_36' title='bbox 1325 304 1374 342; x_wconf 81' lang='lat' dir='ltr'>al)</span> <span class='ocrx_word' id='word_1_37' title='bbox 1402 305 1496 343; x_wconf 80' lang='lat' dir='ltr'>belli</span> 
     </span>
     <span class='ocr_line' id='line_1_5' title="bbox 114 359 1497 414; baseline 0 -15"><span class='ocrx_word' id='word_1_38' title='bbox 114 359 469 399; x_wconf 72' lang='lat' dir='ltr'>administratioue</span> <span class='ocrx_word' id='word_1_39' title='bbox 493 360 587 399; x_wconf 82' lang='lat' dir='ltr'>data</span> <span class='ocrx_word' id='word_1_40' title='bbox 609 368 680 399; x_wconf 84' lang='lat' dir='ltr'>est.</span> <span class='ocrx_word' id='word_1_41' title='bbox 745 359 957 399; x_wconf 85' lang='lat' dir='ltr'>Valerium</span> <span class='ocrx_word' id='word_1_42' title='bbox 982 370 1213 414; x_wconf 82' lang='lat' dir='ltr'>praetorem</span> <span class='ocrx_word' id='word_1_43' title='bbox 1240 360 1278 398; x_wconf 92' lang='lat' dir='ltr'>iu</span> <span class='ocrx_word' id='word_1_44' title='bbox 1302 360 1497 414; x_wconf 68' lang='lat' dir='ltr'>Apulizuu</span> 
     </span>
     <span class='ocr_line' id='line_1_6' title="bbox 115 416 1497 471; baseline 0 -15"><span class='ocrx_word' id='word_1_45' title='bbox 115 416 173 456; x_wconf 81' lang='lat' dir='ltr'>ire</span> <span class='ocrx_word' id='word_1_46' title='bbox 200 416 367 470; x_wconf 73' lang='lat' dir='ltr'>placuit.</span> <span class='ocrx_word' id='word_1_47' title='bbox 391 417 441 456; x_wconf 82' lang='lat' dir='ltr'>ad</span> <span class='ocrx_word' id='word_1_48' title='bbox 474 417 701 456; x_wconf 82' lang='lat' dir='ltr'>exercitum</span> <span class='ocrx_word' id='word_1_49' title='bbox 735 432 758 456; x_wconf 81' lang='lat' dir='ltr'>a</span> <span class='ocrx_word' id='word_1_50' title='bbox 789 416 989 456; x_wconf 76' lang='lat' dir='ltr'>&#39;Ferentio</span> <span class='ocrx_word' id='word_1_51' title='bbox 1021 416 1334 471; x_wconf 80' lang='lat' dir='ltr'>accipiendum:</span> <span class='ocrx_word' id='word_1_52' title='bbox 1369 432 1497 470; x_wconf 79' lang='lat' dir='ltr'>quum</span> 
     </span>
     <span class='ocr_line' id='line_1_7' title="bbox 115 473 1500 527; baseline 0 -15"><span class='ocrx_word' id='word_1_53' title='bbox 115 488 166 513; x_wconf 85' lang='lat' dir='ltr'>ex</span> <span class='ocrx_word' id='word_1_54' title='bbox 192 473 331 513; x_wconf 63' lang='lat' dir='ltr'>Sicilia</span> <span class='ocrx_word' id='word_1_55' title='bbox 358 474 540 525; x_wconf 58' lang='lat' dir='ltr'>legiones</span> <span class='ocrx_word' id='word_1_56' title='bbox 562 473 781 521; x_wconf 77' lang='lat' dir='ltr'>venissent,</span> <span class='ocrx_word' id='word_1_57' title='bbox 807 473 854 511; x_wconf 80' lang='lat' dir='ltr'>iis</span> <span class='ocrx_word' id='word_1_58' title='bbox 883 473 1141 527; x_wconf 81' lang='lat' dir='ltr'>potissimum</span> <span class='ocrx_word' id='word_1_59' title='bbox 1166 473 1222 513; x_wconf 92' lang='lat' dir='ltr'>uti</span> <span class='ocrx_word' id='word_1_60' title='bbox 1247 473 1298 512; x_wconf 87' lang='lat' dir='ltr'>ad</span> <span class='ocrx_word' id='word_1_61' title='bbox 1322 474 1500 524; x_wconf 61' lang='lat' dir='ltr'>regionis</span> 
     </span>
    </p>

    <p class='ocr_par' dir='ltr' id='par_1_3' title="bbox 85 530 1496 585">
     <span class='ocr_line' id='line_1_8' title="bbox 85 530 1496 585; baseline -0.004 -10"><span class='ocrx_word' id='word_1_62' title='bbox 85 531 202 575; x_wconf 68' lang='lat' dir='ltr'>§eius</span> <span class='ocrx_word' id='word_1_63' title='bbox 221 531 494 585; x_wconf 68' lang='lat' dir='ltr'>prawsidium:</span> <span class='ocrx_word' id='word_1_64' title='bbox 530 530 830 569; x_wconf 71' lang='lat' dir='ltr'>Terentianum</span> <span class='ocrx_word' id='word_1_65' title='bbox 851 530 956 569; x_wconf 89' lang='lat' dir='ltr'>mitti</span> <span class='ocrx_word' id='word_1_66' title='bbox 975 545 1069 569; x_wconf 87' lang='lat' dir='ltr'>eum</span> <span class='ocrx_word' id='word_1_67' title='bbox 1093 530 1232 585; x_wconf 81' lang='lat' dir='ltr'>aliquo</span> <span class='ocrx_word' id='word_1_68' title='bbox 1256 530 1496 581; x_wconf 57' lang='lat' dir='ltr'>legatorum.</span> 
     </span>
    </p>

    <p class='ocr_par' dir='ltr' id='par_1_4' title="bbox 83 586 1498 699">
     <span class='ocr_line' id='line_1_9' title="bbox 83 586 1498 642; baseline -0.001 -15"><span class='ocrx_word' id='word_1_69' title='bbox 83 600 102 631; x_wconf 86' lang='lat'>6</span> <span class='ocrx_word' id='word_1_70' title='bbox 118 587 171 627; x_wconf 83' lang='lat' dir='ltr'>Et</span> <span class='ocrx_word' id='word_1_71' title='bbox 189 587 333 639; x_wconf 57' lang='lat' dir='ltr'>vig-inti</span> <span class='ocrx_word' id='word_1_72' title='bbox 357 587 542 641; x_wconf 83' lang='lat' dir='ltr'>quinque</span> <span class='ocrx_word' id='word_1_73' title='bbox 559 602 683 627; x_wconf 74' lang='lat' dir='ltr'>naves</span> <span class='ocrx_word' id='word_1_74' title='bbox 698 587 743 626; x_wconf 72' lang='grc' dir='ltr'>Ρ.</span> <span class='ocrx_word' id='word_1_75' title='bbox 762 586 929 625; x_wconf 72' lang='lat' dir='ltr'>Valerio</span> <span class='ocrx_word' id='word_1_76' title='bbox 947 587 1066 626; x_wconf 87' lang='lat' dir='ltr'>datae</span> <span class='ocrx_word' id='word_1_77' title='bbox 1089 596 1197 635; x_wconf 82' lang='lat' dir='ltr'>sunt,</span> <span class='ocrx_word' id='word_1_78' title='bbox 1217 588 1368 642; x_wconf 78' lang='lat' dir='ltr'>quibus</span> <span class='ocrx_word' id='word_1_79' title='bbox 1386 602 1498 627; x_wconf 87' lang='lat' dir='ltr'>oram</span> 
     </span>
     <span class='ocr_line' id='line_1_10' title="bbox 116 643 1498 699; baseline 0 -15"><span class='ocrx_word' id='word_1_80' title='bbox 116 645 362 684; x_wconf 87' lang='lat' dir='ltr'>maritimam</span> <span class='ocrx_word' id='word_1_81' title='bbox 399 644 505 683; x_wconf 89' lang='lat' dir='ltr'>inter</span> <span class='ocrx_word' id='word_1_82' title='bbox 541 643 808 683; x_wconf 67' lang='lat' dir='ltr'>Brundisium</span> <span class='ocrx_word' id='word_1_83' title='bbox 847 659 892 683; x_wconf 89' lang='lat' dir='ltr'>ac</span> <span class='ocrx_word' id='word_1_84' title='bbox 926 644 1155 684; x_wconf 77' lang='lat' dir='ltr'>Tarentum</span> <span class='ocrx_word' id='word_1_85' title='bbox 1191 645 1313 684; x_wconf 87' lang='lat' dir='ltr'>tutari</span> <span class='ocrx_word' id='word_1_86' title='bbox 1350 652 1498 699; x_wconf 74' lang='lat' dir='ltr'>posset.</span> 
     </span>
    </p>

    <p class='ocr_par' dir='ltr' id='par_1_5' title="bbox 116 700 1502 1040">
     <span class='ocr_line' id='line_1_11' title="bbox 116 700 1501 755; baseline -0.001 -14"><span class='ocrx_word' id='word_1_87' title='bbox 116 701 198 741; x_wconf 89' lang='lat' dir='ltr'>Par</span> <span class='ocrx_word' id='word_1_88' title='bbox 212 701 377 741; x_wconf 83' lang='lat' dir='ltr'>navium</span> <span class='ocrx_word' id='word_1_89' title='bbox 397 715 592 740; x_wconf 86' lang='lat' dir='ltr'>uumerus</span> <span class='ocrx_word' id='word_1_90' title='bbox 618 700 670 747; x_wconf 77' lang='lat' dir='ltr'>Q.</span> <span class='ocrx_word' id='word_1_91' title='bbox 692 700 836 740; x_wconf 69' lang='lat' dir='ltr'>fulvio</span> <span class='ocrx_word' id='word_1_92' title='bbox 859 701 1036 755; x_wconf 89' lang='lat' dir='ltr'>praetori</span> <span class='ocrx_word' id='word_1_93' title='bbox 1056 701 1213 741; x_wconf 84' lang='lat' dir='ltr'>urbano</span> <span class='ocrx_word' id='word_1_94' title='bbox 1235 701 1427 741; x_wconf 82' lang='lat' dir='ltr'>decretus</span> <span class='ocrx_word' id='word_1_95' title='bbox 1449 701 1501 741; x_wconf 88' lang='lat' dir='ltr'>ad</span> 
     </span>
     <span class='ocr_line' id='line_1_12' title="bbox 116 757 1500 813; baseline -0.001 -15"><span class='ocrx_word' id='word_1_96' title='bbox 116 758 351 798; x_wconf 79' lang='lat' dir='ltr'>suburbana</span> <span class='ocrx_word' id='word_1_97' title='bbox 367 757 486 797; x_wconf 84' lang='lat' dir='ltr'>litora</span> <span class='ocrx_word' id='word_1_98' title='bbox 500 757 683 797; x_wconf 83' lang='lat' dir='ltr'>tutanda.</span> <span class='ocrx_word' id='word_1_99' title='bbox 751 758 800 797; x_wconf 68' lang='lat' dir='ltr'>(J.</span> <span class='ocrx_word' id='word_1_100' title='bbox 818 757 1018 798; x_wconf 83' lang='lat' dir='ltr'>Terentio</span> <span class='ocrx_word' id='word_1_101' title='bbox 1033 758 1269 813; x_wconf 75' lang='lat' dir='ltr'>proconsuli</span> <span class='ocrx_word' id='word_1_102' title='bbox 1285 758 1500 811; x_wconf 70' lang='lat' dir='ltr'>negotium</span> 
     </span>
     <span class='ocr_line' id='line_1_13' title="bbox 116 814 1499 869; baseline 0 -15"><span class='ocrx_word' id='word_1_103' title='bbox 116 815 273 862; x_wconf 87' lang='lat' dir='ltr'>datum,</span> <span class='ocrx_word' id='word_1_104' title='bbox 298 823 341 854; x_wconf 92' lang='lat' dir='ltr'>nt</span> <span class='ocrx_word' id='word_1_105' title='bbox 366 814 405 853; x_wconf 91' lang='lat' dir='ltr'>in</span> <span class='ocrx_word' id='word_1_106' title='bbox 429 814 585 853; x_wconf 81' lang='lat' dir='ltr'>Piceno</span> <span class='ocrx_word' id='word_1_107' title='bbox 614 829 712 869; x_wconf 77' lang='lat' dir='ltr'>agro</span> <span class='ocrx_word' id='word_1_108' title='bbox 732 815 1081 869; x_wconf 78' lang='lat' dir='ltr'>conquisitionem</span> <span class='ocrx_word' id='word_1_109' title='bbox 1106 815 1284 855; x_wconf 76' lang='lat' dir='ltr'>milituln</span> <span class='ocrx_word' id='word_1_110' title='bbox 1314 815 1499 861; x_wconf 84' lang='lat' dir='ltr'>haberet,</span> 
     </span>
     <span class='ocr_line' id='line_1_14' title="bbox 116 871 1502 927; baseline 0 -16"><span class='ocrx_word' id='word_1_111' title='bbox 116 871 300 925; x_wconf 86' lang='lat' dir='ltr'>locisque</span> <span class='ocrx_word' id='word_1_112' title='bbox 324 871 372 910; x_wconf 89' lang='lat' dir='ltr'>iis</span> <span class='ocrx_word' id='word_1_113' title='bbox 393 871 599 925; x_wconf 85' lang='lat' dir='ltr'>praesidio</span> <span class='ocrx_word' id='word_1_114' title='bbox 621 880 738 911; x_wconf 83' lang='lat' dir='ltr'>esset.</span> <span class='ocrx_word' id='word_1_115' title='bbox 804 872 858 911; x_wconf 84' lang='lat' dir='ltr'>Et</span> <span class='ocrx_word' id='word_1_116' title='bbox 880 871 930 911; x_wconf 90' lang='lat' dir='ltr'>T.</span> <span class='ocrx_word' id='word_1_117' title='bbox 953 872 1157 912; x_wconf 72' lang='lat' dir='ltr'>Otacilius</span> <span class='ocrx_word' id='word_1_118' title='bbox 1181 872 1366 919; x_wconf 77' lang='lat' dir='ltr'>Crassus,</span> <span class='ocrx_word' id='word_1_119' title='bbox 1390 880 1502 927; x_wconf 84' lang='lat' dir='ltr'>post-</span> 
     </span>
     <span class='ocr_line' id='line_1_15' title="bbox 116 926 1501 983; baseline 0.001 -16"><span class='ocrx_word' id='word_1_120' title='bbox 116 943 240 983; x_wconf 85' lang='lat' dir='ltr'>quam</span> <span class='ocrx_word' id='word_1_121' title='bbox 263 928 407 967; x_wconf 88' lang='lat' dir='ltr'>aedem</span> <span class='ocrx_word' id='word_1_122' title='bbox 427 926 586 968; x_wconf 75' lang='lat' dir='ltr'>Mentis</span> <span class='ocrx_word' id='word_1_123' title='bbox 608 928 649 967; x_wconf 92' lang='lat' dir='ltr'>in</span> <span class='ocrx_word' id='word_1_124' title='bbox 671 928 881 983; x_wconf 83' lang='lat' dir='ltr'>Capitolio</span> <span class='ocrx_word' id='word_1_125' title='bbox 903 928 1123 975; x_wconf 77' lang='lat' dir='ltr'>dedicavit,</span> <span class='ocrx_word' id='word_1_126' title='bbox 1143 929 1185 969; x_wconf 87' lang='lat' dir='ltr'>in</span> <span class='ocrx_word' id='word_1_127' title='bbox 1207 929 1389 970; x_wconf 82' lang='lat' dir='ltr'>Siciliam</span> <span class='ocrx_word' id='word_1_128' title='bbox 1406 944 1501 969; x_wconf 87' lang='lat' dir='ltr'>cum</span> 
     </span>
     <span class='ocr_line' id='line_1_16' title="bbox 116 985 950 1040; baseline 0.002 -16"><span class='ocrx_word' id='word_1_129' title='bbox 116 985 303 1040; x_wconf 87' lang='lat' dir='ltr'>imperio,</span> <span class='ocrx_word' id='word_1_130' title='bbox 327 985 398 1039; x_wconf 85' lang='lat' dir='ltr'>qui</span> <span class='ocrx_word' id='word_1_131' title='bbox 417 985 533 1025; x_wconf 86' lang='lat' dir='ltr'>classi</span> <span class='ocrx_word' id='word_1_132' title='bbox 556 994 773 1040; x_wconf 76' lang='lat' dir='ltr'>praeesset,</span> <span class='ocrx_word' id='word_1_133' title='bbox 792 985 950 1026; x_wconf 86' lang='lat' dir='ltr'>missus.</span> 
     </span>
    </p>

    <p class='ocr_par' dir='ltr' id='par_1_6' title="bbox 174 1041 1643 1097">
     <span class='ocr_line' id='line_1_17' title="bbox 174 1041 1643 1097; baseline 0.001 -16"><span class='ocrx_word' id='word_1_134' title='bbox 174 1042 223 1082; x_wconf 90' lang='lat' dir='ltr'>In</span> <span class='ocrx_word' id='word_1_135' title='bbox 246 1042 352 1082; x_wconf 87' lang='lat' dir='ltr'>hane</span> <span class='ocrx_word' id='word_1_136' title='bbox 369 1041 679 1082; x_wconf 76' lang='lat' dir='ltr'>dimicationem</span> <span class='ocrx_word' id='word_1_137' title='bbox 697 1042 875 1083; x_wconf 88' lang='lat' dir='ltr'>duorum</span> <span class='ocrx_word' id='word_1_138' title='bbox 894 1042 1301 1097; x_wconf 85' lang='lat' dir='ltr'>opulentissimorum</span> <span class='ocrx_word' id='word_1_139' title='bbox 1321 1044 1360 1082; x_wconf 87' lang='lat' dir='ltr'>in</span> <span class='ocrx_word' id='word_1_140' title='bbox 1386 1043 1502 1083; x_wconf 90' lang='lat' dir='ltr'>terris</span> <span class='ocrx_word' id='word_1_141' title='bbox 1578 1046 1643 1083; x_wconf 83' lang='lat'>33.</span> 
     </span>
    </p>

    <p class='ocr_par' dir='ltr' id='par_1_7' title="bbox 115 1098 1498 1154">
     <span class='ocr_line' id='line_1_18' title="bbox 115 1098 1498 1154; baseline 0.001 -15"><span class='ocrx_word' id='word_1_142' title='bbox 115 1098 365 1154; x_wconf 86' lang='lat' dir='ltr'>populorum</span> <span class='ocrx_word' id='word_1_143' title='bbox 406 1114 550 1139; x_wconf 90' lang='lat' dir='ltr'>omnes</span> <span class='ocrx_word' id='word_1_144' title='bbox 587 1114 703 1151; x_wconf 63' lang='lat' dir='ltr'>reges</span> <span class='ocrx_word' id='word_1_145' title='bbox 743 1108 972 1154; x_wconf 68' lang='lat' dir='ltr'>gentesque</span> <span class='ocrx_word' id='word_1_146' title='bbox 1011 1100 1170 1139; x_wconf 86' lang='lat' dir='ltr'>animos</span> <span class='ocrx_word' id='word_1_147' title='bbox 1208 1099 1498 1140; x_wconf 86' lang='lat' dir='ltr'>intenderant:</span> 
     </span>
    </p>

    <p class='ocr_par' dir='ltr' id='par_1_8' title="bbox 88 1155 1502 1380">
     <span class='ocr_line' id='line_1_19' title="bbox 88 1155 1502 1211; baseline -0.001 -15"><span class='ocrx_word' id='word_1_148' title='bbox 88 1157 225 1204; x_wconf 86' lang='lat' dir='ltr'>7inter</span> <span class='ocrx_word' id='word_1_149' title='bbox 246 1171 350 1210; x_wconf 87' lang='lat' dir='ltr'>qnos</span> <span class='ocrx_word' id='word_1_150' title='bbox 381 1156 602 1210; x_wconf 84' lang='lat' dir='ltr'>Philippus</span> <span class='ocrx_word' id='word_1_151' title='bbox 631 1155 915 1196; x_wconf 59' lang='lat' dir='ltr'>Blacedonum</span> <span class='ocrx_word' id='word_1_152' title='bbox 947 1171 1032 1204; x_wconf 85' lang='lat' dir='ltr'>rex,</span> <span class='ocrx_word' id='word_1_153' title='bbox 1057 1171 1105 1196; x_wconf 91' lang='lat' dir='ltr'>eo</span> <span class='ocrx_word' id='word_1_154' title='bbox 1128 1157 1269 1211; x_wconf 80' lang='lat' dir='ltr'>magis,</span> <span class='ocrx_word' id='word_1_155' title='bbox 1293 1172 1376 1211; x_wconf 90' lang='lat' dir='ltr'>quo</span> <span class='ocrx_word' id='word_1_156' title='bbox 1407 1171 1502 1211; x_wconf 91' lang='lat' dir='ltr'>pro—</span> 
     </span>
     <span class='ocr_line' id='line_1_20' title="bbox 116 1212 1501 1268; baseline 0 -15"><span class='ocrx_word' id='word_1_157' title='bbox 116 1213 208 1268; x_wconf 84' lang='lat' dir='ltr'>pior</span> <span class='ocrx_word' id='word_1_158' title='bbox 235 1212 394 1259; x_wconf 89' lang='lat' dir='ltr'>Italiae,</span> <span class='ocrx_word' id='word_1_159' title='bbox 418 1227 463 1253; x_wconf 90' lang='lat' dir='ltr'>ac</span> <span class='ocrx_word' id='word_1_160' title='bbox 495 1213 597 1252; x_wconf 89' lang='lat' dir='ltr'>mari</span> <span class='ocrx_word' id='word_1_161' title='bbox 619 1220 780 1252; x_wconf 88' lang='lat' dir='ltr'>tantum</span> <span class='ocrx_word' id='word_1_162' title='bbox 815 1213 933 1252; x_wconf 89' lang='lat' dir='ltr'>lonio</span> <span class='ocrx_word' id='word_1_163' title='bbox 965 1213 1167 1253; x_wconf 86' lang='lat' dir='ltr'>discretus</span> <span class='ocrx_word' id='word_1_164' title='bbox 1199 1222 1295 1252; x_wconf 89' lang='lat' dir='ltr'>erat.</span> <span class='ocrx_word' id='word_1_165' title='bbox 1361 1212 1400 1253; x_wconf 85' lang='lat' dir='ltr'>Is</span> <span class='ocrx_word' id='word_1_166' title='bbox 1431 1213 1501 1253; x_wconf 89' lang='lat' dir='ltr'>ubi</span> 
     </span>
     <span class='ocr_line' id='line_1_21' title="bbox 116 1268 1502 1325; baseline 0 -16"><span class='ocrx_word' id='word_1_167' title='bbox 116 1269 295 1325; x_wconf 88' lang='lat' dir='ltr'>primum</span> <span class='ocrx_word' id='word_1_168' title='bbox 320 1269 427 1308; x_wconf 85' lang='lat' dir='ltr'>fama</span> <span class='ocrx_word' id='word_1_169' title='bbox 455 1269 627 1323; x_wconf 88' lang='lat' dir='ltr'>accepit,</span> <span class='ocrx_word' id='word_1_170' title='bbox 654 1268 933 1309; x_wconf 84' lang='lat' dir='ltr'>Hannibalem</span> <span class='ocrx_word' id='word_1_171' title='bbox 964 1269 1093 1322; x_wconf 74' lang='lat' dir='ltr'>Alpes</span> <span class='ocrx_word' id='word_1_172' title='bbox 1122 1280 1433 1324; x_wconf 73' lang='lat' dir='ltr'>transgressum,</span> <span class='ocrx_word' id='word_1_173' title='bbox 1456 1278 1502 1309; x_wconf 89' lang='lat' dir='ltr'>ut</span> 
     </span>
     <span class='ocr_line' id='line_1_22' title="bbox 116 1325 1500 1380; baseline 0 -15"><span class='ocrx_word' id='word_1_174' title='bbox 116 1325 225 1366; x_wconf 90' lang='lat' dir='ltr'>bello</span> <span class='ocrx_word' id='word_1_175' title='bbox 262 1326 370 1365; x_wconf 89' lang='lat' dir='ltr'>inter</span> <span class='ocrx_word' id='word_1_176' title='bbox 406 1325 616 1365; x_wconf 83' lang='lat' dir='ltr'>Romanos</span> <span class='ocrx_word' id='word_1_177' title='bbox 651 1325 926 1380; x_wconf 85' lang='lat' dir='ltr'>Poenumque</span> <span class='ocrx_word' id='word_1_178' title='bbox 960 1336 1049 1366; x_wconf 89' lang='lat' dir='ltr'>orto</span> <span class='ocrx_word' id='word_1_179' title='bbox 1087 1326 1262 1366; x_wconf 88' lang='lat' dir='ltr'>laetatus</span> <span class='ocrx_word' id='word_1_180' title='bbox 1297 1335 1395 1367; x_wconf 85' lang='lat' dir='ltr'>erat.</span> <span class='ocrx_word' id='word_1_181' title='bbox 1432 1327 1500 1373; x_wconf 89' lang='lat' dir='ltr'>ita,</span> 
     </span>
    </p>

    <p class='ocr_par' dir='ltr' id='par_1_9' title="bbox 85 1382 1711 1835">
     <span class='ocr_line' id='line_1_23' title="bbox 85 1382 1499 1438; baseline -0.001 -15"><span class='ocrx_word' id='word_1_182' title='bbox 85 1399 103 1428; x_wconf 75' lang='lat'>3</span> <span class='ocrx_word' id='word_1_183' title='bbox 118 1383 249 1423; x_wconf 87' lang='lat' dir='ltr'>utrius</span> <span class='ocrx_word' id='word_1_184' title='bbox 278 1383 421 1438; x_wconf 84' lang='lat' dir='ltr'>populi</span> <span class='ocrx_word' id='word_1_185' title='bbox 454 1382 594 1422; x_wconf 85' lang='lat' dir='ltr'>mallet</span> <span class='ocrx_word' id='word_1_186' title='bbox 616 1382 829 1423; x_wconf 80' lang='lat' dir='ltr'>victoriam</span> <span class='ocrx_word' id='word_1_187' title='bbox 853 1398 953 1431; x_wconf 85' lang='lat' dir='ltr'>esse,</span> <span class='ocrx_word' id='word_1_188' title='bbox 978 1383 1144 1423; x_wconf 85' lang='lat' dir='ltr'>incertis</span> <span class='ocrx_word' id='word_1_189' title='bbox 1175 1383 1311 1423; x_wconf 87' lang='lat' dir='ltr'>adhue</span> <span class='ocrx_word' id='word_1_190' title='bbox 1332 1383 1499 1430; x_wconf 71' lang='lat' dir='ltr'>viribus,</span> 
     </span>
     <span class='ocr_line' id='line_1_24' title="bbox 116 1439 1689 1494; baseline -0.001 -14"><span class='ocrx_word' id='word_1_191' title='bbox 116 1441 340 1480; x_wconf 86' lang='lat' dir='ltr'>fluctuatus</span> <span class='ocrx_word' id='word_1_192' title='bbox 357 1439 495 1479; x_wconf 88' lang='lat' dir='ltr'>animo</span> <span class='ocrx_word' id='word_1_193' title='bbox 512 1440 655 1479; x_wconf 83' lang='lat' dir='ltr'>suerat.</span> <span class='ocrx_word' id='word_1_194' title='bbox 719 1440 946 1494; x_wconf 86' lang='lat' dir='ltr'>Postquam</span> <span class='ocrx_word' id='word_1_195' title='bbox 967 1440 1086 1480; x_wconf 86' lang='lat' dir='ltr'>tertia</span> <span class='ocrx_word' id='word_1_196' title='bbox 1104 1440 1185 1479; x_wconf 92' lang='lat' dir='ltr'>iam</span> <span class='ocrx_word' id='word_1_197' title='bbox 1207 1454 1359 1494; x_wconf 68' lang='lat' dir='ltr'>pugna,</span> <span class='ocrx_word' id='word_1_198' title='bbox 1382 1439 1502 1480; x_wconf 86' lang='lat' dir='ltr'>tertia</span> <span class='ocrx_word' id='word_1_199' title='bbox 1516 1446 1689 1485; x_wconf 74' lang='lat' dir='ltr'>Philippus</span> 
     </span>
     <span class='ocr_line' id='line_1_25' title="bbox 116 1488 1711 1559; baseline -0.001 -22"><span class='ocrx_word' id='word_1_200' title='bbox 116 1497 287 1537; x_wconf 84' lang='lat' dir='ltr'>victoria</span> <span class='ocrx_word' id='word_1_201' title='bbox 308 1512 402 1537; x_wconf 90' lang='lat' dir='ltr'>cum</span> <span class='ocrx_word' id='word_1_202' title='bbox 419 1496 571 1537; x_wconf 80' lang='lat' dir='ltr'>Poenis</span> <span class='ocrx_word' id='word_1_203' title='bbox 592 1505 692 1545; x_wconf 85' lang='lat' dir='ltr'>erat,</span> <span class='ocrx_word' id='word_1_204' title='bbox 716 1496 766 1536; x_wconf 88' lang='lat' dir='ltr'>ad</span> <span class='ocrx_word' id='word_1_205' title='bbox 789 1496 994 1536; x_wconf 86' lang='lat' dir='ltr'>fortunam</span> <span class='ocrx_word' id='word_1_206' title='bbox 1018 1496 1245 1543; x_wconf 84' lang='lat' dir='ltr'>inelinavit,</span> <span class='ocrx_word' id='word_1_207' title='bbox 1263 1496 1500 1551; x_wconf 72' lang='lat' dir='ltr'>legatosque</span> <span class='ocrx_word' id='word_1_208' title='bbox 1516 1488 1711 1559; x_wconf 50' lang='lat' dir='ltr'>{⁶J§{1²¹⁰⁰d·</span> 
     </span>
     <span class='ocr_line' id='line_1_26' title="bbox 117 1541 1670 1608; baseline -0.001 -14"><span class='ocrx_word' id='word_1_209' title='bbox 117 1554 170 1594; x_wconf 89' lang='lat' dir='ltr'>ad</span> <span class='ocrx_word' id='word_1_210' title='bbox 207 1553 490 1593; x_wconf 84' lang='lat' dir='ltr'>Hannibalem</span> <span class='ocrx_word' id='word_1_211' title='bbox 522 1553 654 1593; x_wconf 88' lang='lat' dir='ltr'>misit:</span> <span class='ocrx_word' id='word_1_212' title='bbox 697 1553 782 1608; x_wconf 85' lang='lat' dir='ltr'>qui,</span> <span class='ocrx_word' id='word_1_213' title='bbox 812 1553 990 1593; x_wconf 74' lang='lat' dir='ltr'>vitantes</span> <span class='ocrx_word' id='word_1_214' title='bbox 1023 1562 1166 1608; x_wconf 86' lang='lat' dir='ltr'>portus</span> <span class='ocrx_word' id='word_1_215' title='bbox 1200 1553 1500 1593; x_wconf 82' lang='lat' dir='ltr'>Brundisinum</span> <span class='ocrx_word' id='word_1_216' title='bbox 1517 1541 1670 1602; x_wconf 42' lang='lat' dir='ltr'>„il‘ft‘ssstjsad</span> 
     </span>
     <span class='ocr_line' id='line_1_27' title="bbox 118 1609 1687 1665; baseline -0.001 -14"><span class='ocrx_word' id='word_1_217' title='bbox 118 1611 493 1665; x_wconf 78' lang='lat' dir='ltr'>Tarentinumque,</span> <span class='ocrx_word' id='word_1_218' title='bbox 523 1610 621 1664; x_wconf 50' lang='lat' dir='ltr'>quia,</span> <span class='ocrx_word' id='word_1_219' title='bbox 651 1609 849 1650; x_wconf 87' lang='lat' dir='ltr'>custodiis</span> <span class='ocrx_word' id='word_1_220' title='bbox 875 1610 1042 1650; x_wconf 88' lang='lat' dir='ltr'>navium</span> <span class='ocrx_word' id='word_1_221' title='bbox 1074 1610 1359 1650; x_wconf 83' lang='lat' dir='ltr'>Romanarum</span> <span class='ocrx_word' id='word_1_222' title='bbox 1387 1614 1687 1650; x_wconf 77' lang='lat' dir='ltr'>tene-Ilanniba-</span> 
     </span>
     <span class='ocr_line' id='line_1_28' title="bbox 117 1658 1590 1722; baseline -0.001 -14"><span class='ocrx_word' id='word_1_223' title='bbox 117 1668 280 1716; x_wconf 79' lang='lat' dir='ltr'>bantur,</span> <span class='ocrx_word' id='word_1_224' title='bbox 296 1667 348 1707; x_wconf 91' lang='lat' dir='ltr'>ad</span> <span class='ocrx_word' id='word_1_225' title='bbox 363 1666 560 1707; x_wconf 80' lang='lat' dir='ltr'>Laciniae</span> <span class='ocrx_word' id='word_1_226' title='bbox 577 1666 751 1707; x_wconf 86' lang='lat' dir='ltr'>Iunonis</span> <span class='ocrx_word' id='word_1_227' title='bbox 773 1666 975 1721; x_wconf 88' lang='lat' dir='ltr'>templum</span> <span class='ocrx_word' id='word_1_228' title='bbox 994 1667 1037 1706; x_wconf 89' lang='lat' dir='ltr'>in</span> <span class='ocrx_word' id='word_1_229' title='bbox 1056 1675 1206 1707; x_wconf 87' lang='lat' dir='ltr'>terram</span> <span class='ocrx_word' id='word_1_230' title='bbox 1224 1667 1376 1722; x_wconf 76' lang='lat' dir='ltr'>egressi</span> <span class='ocrx_word' id='word_1_231' title='bbox 1393 1676 1500 1707; x_wconf 85' lang='lat' dir='ltr'>sunt.</span> <span class='ocrx_word' id='word_1_232' title='bbox 1518 1658 1590 1687; x_wconf 75' lang='lat' dir='ltr'>lem.</span> 
     </span>
     <span class='ocr_line' id='line_1_29' title="bbox 118 1722 1504 1780; baseline -0.001 -15"><span class='ocrx_word' id='word_1_233' title='bbox 118 1724 224 1765; x_wconf 92' lang='lat' dir='ltr'>Inde</span> <span class='ocrx_word' id='word_1_234' title='bbox 241 1739 316 1780; x_wconf 85' lang='lat' dir='ltr'>per</span> <span class='ocrx_word' id='word_1_235' title='bbox 332 1723 528 1779; x_wconf 84' lang='lat' dir='ltr'>Apuliam</span> <span class='ocrx_word' id='word_1_236' title='bbox 546 1732 735 1778; x_wconf 85' lang='lat' dir='ltr'>petentes</span> <span class='ocrx_word' id='word_1_237' title='bbox 760 1722 964 1778; x_wconf 82' lang='lat' dir='ltr'>Capuam,</span> <span class='ocrx_word' id='word_1_238' title='bbox 984 1724 1121 1764; x_wconf 86' lang='lat' dir='ltr'>media</span> <span class='ocrx_word' id='word_1_239' title='bbox 1138 1724 1180 1763; x_wconf 89' lang='lat' dir='ltr'>in</span> <span class='ocrx_word' id='word_1_240' title='bbox 1198 1724 1402 1779; x_wconf 86' lang='lat' dir='ltr'>praesidia</span> <span class='ocrx_word' id='word_1_241' title='bbox 1417 1724 1504 1764; x_wconf 86' lang='lat' dir='ltr'>Ro-</span> 
     </span>
     <span class='ocr_line' id='line_1_30' title="bbox 118 1780 1504 1835; baseline 0 -15"><span class='ocrx_word' id='word_1_242' title='bbox 118 1796 240 1821; x_wconf 85' lang='lat' dir='ltr'>mana</span> <span class='ocrx_word' id='word_1_243' title='bbox 269 1780 372 1821; x_wconf 89' lang='lat' dir='ltr'>illati</span> <span class='ocrx_word' id='word_1_244' title='bbox 402 1789 520 1821; x_wconf 88' lang='lat' dir='ltr'>sunt:</span> <span class='ocrx_word' id='word_1_245' title='bbox 565 1780 820 1835; x_wconf 88' lang='lat' dir='ltr'>deductique</span> <span class='ocrx_word' id='word_1_246' title='bbox 852 1781 905 1821; x_wconf 83' lang='lat' dir='ltr'>ad</span> <span class='ocrx_word' id='word_1_247' title='bbox 937 1780 998 1821; x_wconf 88' lang='lat' dir='ltr'>M.</span> <span class='ocrx_word' id='word_1_248' title='bbox 1022 1780 1238 1821; x_wconf 71' lang='lat' dir='ltr'>Valerium</span> <span class='ocrx_word' id='word_1_249' title='bbox 1271 1780 1504 1821; x_wconf 83' lang='lat' dir='ltr'>Laevinum</span> 
     </span>
    </p>

    <p class='ocr_par' dir='ltr' id='par_1_10' title="bbox 85 1837 1506 2348">
     <span class='ocr_line' id='line_1_31' title="bbox 85 1837 1502 1893; baseline 0 -15"><span class='ocrx_word' id='word_1_250' title='bbox 85 1847 363 1893; x_wconf 85' lang='lat' dir='ltr'>9praetorem,</span> <span class='ocrx_word' id='word_1_251' title='bbox 386 1837 495 1878; x_wconf 86' lang='lat' dir='ltr'>eirca</span> <span class='ocrx_word' id='word_1_252' title='bbox 516 1837 738 1878; x_wconf 86' lang='lat' dir='ltr'>Luceriam</span> <span class='ocrx_word' id='word_1_253' title='bbox 762 1846 893 1878; x_wconf 83' lang='lat' dir='ltr'>eastra</span> <span class='ocrx_word' id='word_1_254' title='bbox 920 1837 1157 1878; x_wconf 85' lang='lat' dir='ltr'>habentem.</span> <span class='ocrx_word' id='word_1_255' title='bbox 1211 1837 1275 1878; x_wconf 87' lang='lat' dir='ltr'>Ibi</span> <span class='ocrx_word' id='word_1_256' title='bbox 1297 1837 1502 1893; x_wconf 88' lang='lat' dir='ltr'>intrepide</span> 
     </span>
     <span class='ocr_line' id='line_1_32' title="bbox 119 1894 1502 1950; baseline -0.001 -15"><span class='ocrx_word' id='word_1_257' title='bbox 119 1894 405 1949; x_wconf 82' lang='lat' dir='ltr'>Xenophanes</span> <span class='ocrx_word' id='word_1_258' title='bbox 418 1894 635 1950; x_wconf 80' lang='lat' dir='ltr'>legationis</span> <span class='ocrx_word' id='word_1_259' title='bbox 659 1894 864 1950; x_wconf 88' lang='lat' dir='ltr'>princeps,</span> <span class='ocrx_word' id='word_1_260' title='bbox 887 1910 909 1935; x_wconf 83' lang='lat' dir='ltr'>a</span> <span class='ocrx_word' id='word_1_261' title='bbox 926 1894 1124 1950; x_wconf 87' lang='lat' dir='ltr'>Philippo</span> <span class='ocrx_word' id='word_1_262' title='bbox 1146 1910 1242 1949; x_wconf 75' lang='lat' dir='ltr'>rege</span> <span class='ocrx_word' id='word_1_263' title='bbox 1260 1910 1301 1935; x_wconf 92' lang='lat' dir='ltr'>se</span> <span class='ocrx_word' id='word_1_264' title='bbox 1319 1895 1502 1942; x_wconf 88' lang='lat' dir='ltr'>missum,</span> 
     </span>
     <span class='ocr_line' id='line_1_33' title="bbox 118 1951 1504 2007; baseline 0 -15"><span class='ocrx_word' id='word_1_265' title='bbox 118 1952 187 2001; x_wconf 84' lang='lat' dir='ltr'>ait,</span> <span class='ocrx_word' id='word_1_266' title='bbox 203 1951 255 1991; x_wconf 88' lang='lat' dir='ltr'>ad</span> <span class='ocrx_word' id='word_1_267' title='bbox 277 1951 499 1991; x_wconf 83' lang='lat' dir='ltr'>amicitiam</span> <span class='ocrx_word' id='word_1_268' title='bbox 517 1951 842 2006; x_wconf 85' lang='lat' dir='ltr'>societatemque</span> <span class='ocrx_word' id='word_1_269' title='bbox 861 1952 1115 2007; x_wconf 83' lang='lat' dir='ltr'>iungendam</span> <span class='ocrx_word' id='word_1_270' title='bbox 1130 1967 1224 1992; x_wconf 90' lang='lat' dir='ltr'>eum</span> <span class='ocrx_word' id='word_1_271' title='bbox 1246 1951 1402 2007; x_wconf 89' lang='lat' dir='ltr'>populo</span> <span class='ocrx_word' id='word_1_272' title='bbox 1417 1951 1504 1992; x_wconf 86' lang='lat' dir='ltr'>Ro-</span> 
     </span>
     <span class='ocr_line' id='line_1_34' title="bbox 118 2008 1502 2063; baseline -0.001 -15"><span class='ocrx_word' id='word_1_273' title='bbox 118 2022 254 2057; x_wconf 86' lang='lat' dir='ltr'>mano,</span> <span class='ocrx_word' id='word_1_274' title='bbox 271 2008 467 2048; x_wconf 84' lang='lat' dir='ltr'>mandata</span> <span class='ocrx_word' id='word_1_275' title='bbox 487 2008 638 2048; x_wconf 86' lang='lat' dir='ltr'>habere</span> <span class='ocrx_word' id='word_1_276' title='bbox 661 2008 712 2048; x_wconf 83' lang='lat' dir='ltr'>ad</span> <span class='ocrx_word' id='word_1_277' title='bbox 735 2008 925 2049; x_wconf 86' lang='lat' dir='ltr'>consules</span> <span class='ocrx_word' id='word_1_278' title='bbox 942 2024 988 2048; x_wconf 89' lang='lat' dir='ltr'>ac</span> <span class='ocrx_word' id='word_1_279' title='bbox 1005 2017 1194 2049; x_wconf 86' lang='lat' dir='ltr'>senatum</span> <span class='ocrx_word' id='word_1_280' title='bbox 1216 2008 1502 2063; x_wconf 86' lang='lat' dir='ltr'>populumque</span> 
     </span>
     <span class='ocr_line' id='line_1_35' title="bbox 121 2064 1505 2114; baseline -0.001 -9"><span class='ocrx_word' id='word_1_281' title='bbox 121 2064 372 2105; x_wconf 85' lang='lat' dir='ltr'>Romanum.</span> <span class='ocrx_word' id='word_1_282' title='bbox 409 2065 593 2114; x_wconf 78' lang='lat' dir='ltr'>Praetor,</span> <span class='ocrx_word' id='word_1_283' title='bbox 604 2065 713 2105; x_wconf 87' lang='lat' dir='ltr'>inter</span> <span class='ocrx_word' id='word_1_284' title='bbox 721 2065 974 2106; x_wconf 87' lang='lat' dir='ltr'>defectiones</span> <span class='ocrx_word' id='word_1_285' title='bbox 983 2074 1170 2106; x_wconf 78' lang='lat' dir='ltr'>veterum</span> <span class='ocrx_word' id='word_1_286' title='bbox 1186 2065 1389 2105; x_wconf 89' lang='lat' dir='ltr'>sociorum</span> <span class='ocrx_word' id='word_1_287' title='bbox 1399 2079 1505 2104; x_wconf 82' lang='lat' dir='ltr'>nova</span> 
     </span>
     <span class='ocr_line' id='line_1_36' title="bbox 120 2121 1504 2177; baseline -0.001 -15"><span class='ocrx_word' id='word_1_288' title='bbox 120 2122 317 2163; x_wconf 85' lang='lat' dir='ltr'>societate</span> <span class='ocrx_word' id='word_1_289' title='bbox 333 2131 416 2162; x_wconf 85' lang='lat' dir='ltr'>tam</span> <span class='ocrx_word' id='word_1_290' title='bbox 434 2122 532 2162; x_wconf 85' lang='lat' dir='ltr'>clari</span> <span class='ocrx_word' id='word_1_291' title='bbox 549 2122 656 2177; x_wconf 81' lang='lat' dir='ltr'>regis</span> <span class='ocrx_word' id='word_1_292' title='bbox 672 2122 805 2162; x_wconf 85' lang='lat' dir='ltr'>laetus</span> <span class='ocrx_word' id='word_1_293' title='bbox 826 2122 1066 2170; x_wconf 83' lang='lat' dir='ltr'>admodum,</span> <span class='ocrx_word' id='word_1_294' title='bbox 1080 2122 1219 2162; x_wconf 84' lang='lat' dir='ltr'>hostes</span> <span class='ocrx_word' id='word_1_295' title='bbox 1240 2136 1315 2176; x_wconf 90' lang='lat' dir='ltr'>pro</span> <span class='ocrx_word' id='word_1_296' title='bbox 1332 2121 1504 2176; x_wconf 85' lang='lat' dir='ltr'>hospiti-</span> 
     </span>
     <span class='ocr_line' id='line_1_37' title="bbox 119 2179 1506 2234; baseline -0.001 -15"><span class='ocrx_word' id='word_1_297' title='bbox 119 2179 196 2219; x_wconf 90' lang='lat' dir='ltr'>bus</span> <span class='ocrx_word' id='word_1_298' title='bbox 226 2179 399 2219; x_wconf 85' lang='lat' dir='ltr'>comiter</span> <span class='ocrx_word' id='word_1_299' title='bbox 430 2179 612 2234; x_wconf 85' lang='lat' dir='ltr'>accepit:</span> <span class='ocrx_word' id='word_1_300' title='bbox 656 2179 739 2227; x_wconf 90' lang='lat' dir='ltr'>dat,</span> <span class='ocrx_word' id='word_1_301' title='bbox 771 2179 844 2234; x_wconf 87' lang='lat' dir='ltr'>qui</span> <span class='ocrx_word' id='word_1_302' title='bbox 876 2187 1191 2234; x_wconf 87' lang='lat' dir='ltr'>prosequantur,</span> <span class='ocrx_word' id='word_1_303' title='bbox 1223 2179 1373 2218; x_wconf 87' lang='lat' dir='ltr'>itinera</span> <span class='ocrx_word' id='word_1_304' title='bbox 1409 2193 1506 2218; x_wconf 90' lang='lat' dir='ltr'>cum</span> 
     </span>
     <span class='ocr_line' id='line_1_38' title="bbox 121 2235 1503 2291; baseline -0.001 -15"><span class='ocrx_word' id='word_1_305' title='bbox 121 2250 219 2276; x_wconf 85' lang='lat' dir='ltr'>eura</span> <span class='ocrx_word' id='word_1_306' title='bbox 239 2236 538 2285; x_wconf 82' lang='lat' dir='ltr'>demonstrent,</span> <span class='ocrx_word' id='word_1_307' title='bbox 563 2251 668 2291; x_wconf 89' lang='lat' dir='ltr'>quae</span> <span class='ocrx_word' id='word_1_308' title='bbox 690 2236 793 2285; x_wconf 86' lang='lat' dir='ltr'>loca,</span> <span class='ocrx_word' id='word_1_309' title='bbox 817 2251 1005 2291; x_wconf 89' lang='lat' dir='ltr'>quosque</span> <span class='ocrx_word' id='word_1_310' title='bbox 1027 2235 1165 2283; x_wconf 88' lang='lat' dir='ltr'>saltus,</span> <span class='ocrx_word' id='word_1_311' title='bbox 1181 2244 1253 2275; x_wconf 85' lang='lat' dir='ltr'>aut</span> <span class='ocrx_word' id='word_1_312' title='bbox 1275 2235 1503 2283; x_wconf 83' lang='lat' dir='ltr'>Romanus,</span> 
     </span>
     <span class='ocr_line' id='line_1_39' title="bbox 122 2292 1505 2348; baseline 0 -17"><span class='ocrx_word' id='word_1_313' title='bbox 122 2300 194 2332; x_wconf 89' lang='lat' dir='ltr'>aut</span> <span class='ocrx_word' id='word_1_314' title='bbox 214 2292 352 2333; x_wconf 89' lang='lat' dir='ltr'>hostes</span> <span class='ocrx_word' id='word_1_315' title='bbox 374 2302 555 2334; x_wconf 87' lang='lat' dir='ltr'>teneant.</span> <span class='ocrx_word' id='word_1_316' title='bbox 619 2293 906 2348; x_wconf 83' lang='lat' dir='ltr'>Xenophanes</span> <span class='ocrx_word' id='word_1_317' title='bbox 926 2308 1001 2348; x_wconf 88' lang='lat' dir='ltr'>per</span> <span class='ocrx_word' id='word_1_318' title='bbox 1021 2292 1228 2348; x_wconf 86' lang='lat' dir='ltr'>praesidia</span> <span class='ocrx_word' id='word_1_319' title='bbox 1250 2292 1442 2332; x_wconf 85' lang='lat' dir='ltr'>Romana</span> <span class='ocrx_word' id='word_1_320' title='bbox 1462 2292 1505 2331; x_wconf 91' lang='lat' dir='ltr'>in</span> 
     </span>
    </p>
   </div>
   <div class='ocr_carea' id='block_1_3' title="bbox 124 2433 1506 2560">
    <p class='ocr_par' dir='ltr' id='par_1_11' title="bbox 124 2433 1506 2560">
     <span class='ocr_line' id='line_1_40' title="bbox 171 2433 1506 2475; baseline -0.001 -10"><span class='ocrx_word' id='word_1_321' title='bbox 171 2444 187 2474; x_wconf 84' lang='lat'>5</span> <span class='ocrx_word' id='word_1_322' title='bbox 215 2437 440 2466; x_wconf 75' lang='lat' dir='ltr'>Terentianum</span> <span class='ocrx_word' id='word_1_323' title='bbox 465 2437 562 2474; x_wconf 74' lang='lat' dir='ltr'>mitti]</span> <span class='ocrx_word' id='word_1_324' title='bbox 604 2436 791 2465; x_wconf 82' lang='lat' dir='ltr'>Exercitum</span> <span class='ocrx_word' id='word_1_325' title='bbox 883 2443 898 2473; x_wconf 80' lang='grc'>7</span> <span class='ocrx_word' id='word_1_326' title='bbox 914 2437 963 2466; x_wconf 81' lang='lat' dir='ltr'>Eo</span> <span class='ocrx_word' id='word_1_327' title='bbox 980 2437 1090 2474; x_wconf 73' lang='lat' dir='ltr'>wzoyis,</span> <span class='ocrx_word' id='word_1_328' title='bbox 1107 2446 1167 2475; x_wconf 76' lang='lat' dir='ltr'>quo</span> <span class='ocrx_word' id='word_1_329' title='bbox 1181 2435 1329 2473; x_wconf 74' lang='lat' dir='ltr'>propior]</span> <span class='ocrx_word' id='word_1_330' title='bbox 1352 2434 1403 2463; x_wconf 85' lang='lat' dir='ltr'>Ita</span> <span class='ocrx_word' id='word_1_331' title='bbox 1415 2433 1506 2464; x_wconf 82' lang='lat' dir='ltr'>Crev.</span> 
     </span>
     <span class='ocr_line' id='line_1_41' title="bbox 124 2475 1505 2516; baseline -0.001 -8"><span class='ocrx_word' id='word_1_332' title='bbox 124 2477 266 2508; x_wconf 85' lang='lat' dir='ltr'>Terentii</span> <span class='ocrx_word' id='word_1_333' title='bbox 297 2477 329 2506; x_wconf 89' lang='lat' dir='ltr'>in</span> <span class='ocrx_word' id='word_1_334' title='bbox 357 2477 498 2507; x_wconf 84' lang='lat' dir='ltr'>Siciliam</span> <span class='ocrx_word' id='word_1_335' title='bbox 528 2477 612 2507; x_wconf 85' lang='lat' dir='ltr'>mitti</span> <span class='ocrx_word' id='word_1_336' title='bbox 643 2477 793 2516; x_wconf 78' lang='lat' dir='ltr'>intelligit</span> <span class='ocrx_word' id='word_1_337' title='bbox 837 2482 869 2506; x_wconf 86' lang='lat' dir='ltr'>et</span> <span class='ocrx_word' id='word_1_338' title='bbox 885 2477 1003 2507; x_wconf 86' lang='lat' dir='ltr'>Stroth.</span> <span class='ocrx_word' id='word_1_339' title='bbox 1021 2477 1074 2507; x_wconf 87' lang='lat' dir='ltr'>sed</span> <span class='ocrx_word' id='word_1_340' title='bbox 1091 2478 1174 2516; x_wconf 78' lang='lat' dir='ltr'>quod</span> <span class='ocrx_word' id='word_1_341' title='bbox 1191 2478 1325 2515; x_wconf 81' lang='lat' dir='ltr'>propior</span> <span class='ocrx_word' id='word_1_342' title='bbox 1342 2475 1505 2507; x_wconf 86' lang='lat' dir='ltr'>Drakenb.</span> 
     </span>
     <span class='ocr_line' id='line_1_42' title="bbox 124 2519 1189 2560; baseline -0.002 -11"><span class='ocrx_word' id='word_1_343' title='bbox 124 2520 230 2560; x_wconf 86' lang='lat' dir='ltr'>Sigon.</span> <span class='ocrx_word' id='word_1_344' title='bbox 249 2519 280 2549; x_wconf 87' lang='lat' dir='ltr'>id</span> <span class='ocrx_word' id='word_1_345' title='bbox 297 2523 404 2549; x_wconf 86' lang='lat' dir='ltr'>autem</span> <span class='ocrx_word' id='word_1_346' title='bbox 423 2529 494 2548; x_wconf 83' lang='lat' dir='ltr'>eum</span> <span class='ocrx_word' id='word_1_347' title='bbox 514 2519 693 2548; x_wconf 85' lang='lat' dir='ltr'>narratione</span> <span class='ocrx_word' id='word_1_348' title='bbox 711 2519 792 2548; x_wconf 78' lang='lat' dir='ltr'>Livii</span> <span class='ocrx_word' id='word_1_349' title='bbox 838 2522 867 2548; x_wconf 89' lang='lat' dir='ltr'>et</span> <span class='ocrx_word' id='word_1_350' title='bbox 886 2519 1025 2548; x_wconf 81' lang='lat' dir='ltr'>Bekker.</span> <span class='ocrx_word' id='word_1_351' title='bbox 1042 2519 1189 2548; x_wconf 85' lang='lat' dir='ltr'>retinent.</span> 
     </span>
    </p>
   </div>
   <div class='ocr_carea' id='block_1_4' title="bbox 122 2559 1507 2682">
    <p class='ocr_par' dir='ltr' id='par_1_12' title="bbox 122 2559 1507 2682">
     <span class='ocr_line' id='line_1_43' title="bbox 124 2559 1506 2601; baseline -0.001 -10"><span class='ocrx_word' id='word_1_352' title='bbox 124 2565 264 2601; x_wconf 74' lang='lat' dir='ltr'>pugnare</span> <span class='ocrx_word' id='word_1_353' title='bbox 291 2561 463 2591; x_wconf 76' lang='lat' dir='ltr'>ostendisse</span> <span class='ocrx_word' id='word_1_354' title='bbox 490 2561 547 2590; x_wconf 83' lang='lat' dir='ltr'>sibi</span> <span class='ocrx_word' id='word_1_355' title='bbox 576 2561 700 2590; x_wconf 81' lang='lat' dir='ltr'>videtur</span> <span class='ocrx_word' id='word_1_356' title='bbox 725 2561 792 2589; x_wconf 93' lang='lat' dir='ltr'>Du-</span> <span class='ocrx_word' id='word_1_357' title='bbox 886 2561 903 2589; x_wconf 85' lang='lat'>8</span> <span class='ocrx_word' id='word_1_358' title='bbox 927 2562 1064 2590; x_wconf 80' lang='lat' dir='ltr'>Incerlis</span> <span class='ocrx_word' id='word_1_359' title='bbox 1086 2561 1191 2589; x_wconf 77' lang='lat' dir='ltr'>adhuc</span> <span class='ocrx_word' id='word_1_360' title='bbox 1215 2560 1353 2597; x_wconf 71' lang='lat' dir='ltr'>viribus]</span> <span class='ocrx_word' id='word_1_361' title='bbox 1395 2559 1506 2595; x_wconf 84' lang='lat' dir='ltr'>Quum</span> 
     </span>
     <span class='ocr_line' id='line_1_44' title="bbox 124 2602 1507 2642; baseline -0.001 -8"><span class='ocrx_word' id='word_1_362' title='bbox 124 2604 189 2634; x_wconf 82' lang='lat' dir='ltr'>ker.</span> <span class='ocrx_word' id='word_1_363' title='bbox 222 2603 275 2642; x_wconf 88' lang='lat' dir='ltr'>qui</span> <span class='ocrx_word' id='word_1_364' title='bbox 309 2605 478 2634; x_wconf 75' lang='lat' dir='ltr'>Tarentum</span> <span class='ocrx_word' id='word_1_365' title='bbox 511 2604 592 2632; x_wconf 76' lang='lat' dir='ltr'>mitti</span> <span class='ocrx_word' id='word_1_366' title='bbox 623 2602 792 2641; x_wconf 80' lang='lat' dir='ltr'>legendum</span> <span class='ocrx_word' id='word_1_367' title='bbox 839 2602 980 2631; x_wconf 88' lang='lat' dir='ltr'>nondum</span> <span class='ocrx_word' id='word_1_368' title='bbox 1004 2606 1172 2637; x_wconf 78' lang='lat' dir='ltr'>constaret,</span> <span class='ocrx_word' id='word_1_369' title='bbox 1189 2606 1258 2631; x_wconf 89' lang='lat' dir='ltr'>uter</span> <span class='ocrx_word' id='word_1_370' title='bbox 1281 2602 1419 2641; x_wconf 87' lang='lat' dir='ltr'>populus</span> <span class='ocrx_word' id='word_1_371' title='bbox 1438 2602 1507 2632; x_wconf 82' lang='lat' dir='ltr'>viri-</span> 
     </span>
     <span class='ocr_line' id='line_1_45' title="bbox 122 2645 1094 2682; baseline -0.002 -6"><span class='ocrx_word' id='word_1_372' title='bbox 122 2647 244 2676; x_wconf 83' lang='lat' dir='ltr'>suadet.</span> <span class='ocrx_word' id='word_1_373' title='bbox 839 2645 897 2673; x_wconf 88' lang='lat' dir='ltr'>bus</span> <span class='ocrx_word' id='word_1_374' title='bbox 911 2648 1094 2682; x_wconf 85' lang='lat' dir='ltr'>praestaret.</span> 
     </span>
    </p>
   </div>
   <div class='ocr_carea' id='block_1_5' title="bbox 124 2685 1498 2811">
    <p class='ocr_par' dir='ltr' id='par_1_13' title="bbox 124 2685 1498 2811">
     <span class='ocr_line' id='line_1_46' title="bbox 166 2685 1498 2726; baseline -0.002 -8"><span class='ocrx_word' id='word_1_375' title='bbox 166 2687 186 2718; x_wconf 91' lang='lat'><strong>6</strong></span> <span class='ocrx_word' id='word_1_376' title='bbox 200 2690 241 2718; x_wconf 83' lang='lat' dir='ltr'>P.</span> <span class='ocrx_word' id='word_1_377' title='bbox 260 2689 384 2718; x_wconf 73' lang='lat' dir='ltr'>Valerio</span> <span class='ocrx_word' id='word_1_378' title='bbox 401 2689 494 2718; x_wconf 80' lang='lat' dir='ltr'>datae</span> <span class='ocrx_word' id='word_1_379' title='bbox 509 2688 601 2725; x_wconf 70' lang='lat' dir='ltr'>sunt]</span> <span class='ocrx_word' id='word_1_380' title='bbox 620 2687 669 2717; x_wconf 84' lang='lat' dir='ltr'>Ita</span> <span class='ocrx_word' id='word_1_381' title='bbox 687 2696 793 2716; x_wconf 87' lang='lat' dir='ltr'>emen-</span> <span class='ocrx_word' id='word_1_382' title='bbox 881 2695 900 2726; x_wconf 88' lang='lat'>9</span> <span class='ocrx_word' id='word_1_383' title='bbox 925 2687 1017 2716; x_wconf 74' lang='lat' dir='ltr'>Circa</span> <span class='ocrx_word' id='word_1_384' title='bbox 1041 2687 1227 2723; x_wconf 77' lang='lat' dir='ltr'>Luceriam]</span> <span class='ocrx_word' id='word_1_385' title='bbox 1264 2685 1315 2715; x_wconf 82' lang='lat' dir='ltr'>Ita</span> <span class='ocrx_word' id='word_1_386' title='bbox 1342 2696 1398 2724; x_wconf 84' lang='lat' dir='ltr'>pro</span> <span class='ocrx_word' id='word_1_387' title='bbox 1423 2687 1498 2725; x_wconf 65' lang='lat' dir='ltr'>urlg</span> 
     </span>
     <span class='ocr_line' id='line_1_47' title="bbox 124 2728 1386 2768; baseline -0.001 -8"><span class='ocrx_word' id='word_1_388' title='bbox 124 2731 187 2760; x_wconf 81' lang='lat' dir='ltr'>dat.</span> <span class='ocrx_word' id='word_1_389' title='bbox 205 2731 297 2761; x_wconf 80' lang='lat' dir='ltr'>Crev.</span> <span class='ocrx_word' id='word_1_390' title='bbox 315 2730 369 2759; x_wconf 90' lang='lat' dir='ltr'>sed</span> <span class='ocrx_word' id='word_1_391' title='bbox 389 2731 438 2760; x_wconf 81' lang='lat' dir='ltr'>M.</span> <span class='ocrx_word' id='word_1_392' title='bbox 463 2730 587 2759; x_wconf 70' lang='lat' dir='ltr'>Valerio</span> <span class='ocrx_word' id='word_1_393' title='bbox 609 2729 697 2768; x_wconf 83' lang='lat' dir='ltr'>apud</span> <span class='ocrx_word' id='word_1_394' title='bbox 721 2729 792 2758; x_wconf 81' lang='lat' dir='ltr'>edd.</span> <span class='ocrx_word' id='word_1_395' title='bbox 837 2729 1013 2759; x_wconf 73' lang='lat' dir='ltr'>Nuceriam</span> <span class='ocrx_word' id='word_1_396' title='bbox 1031 2728 1177 2767; x_wconf 83' lang='lat' dir='ltr'>Sigonius</span> <span class='ocrx_word' id='word_1_397' title='bbox 1193 2728 1386 2759; x_wconf 70' lang='lat' dir='ltr'>emendavit.</span> 
     </span>
     <span class='ocr_line' id='line_1_48' title="bbox 126 2771 413 2811; baseline 0.003 -9"><span class='ocrx_word' id='word_1_398' title='bbox 126 2773 232 2811; x_wconf 80' lang='lat' dir='ltr'>plures</span> <span class='ocrx_word' id='word_1_399' title='bbox 247 2771 413 2803; x_wconf 69' lang='lat' dir='ltr'>inveneris</span> 
     </span>
    </p>
   </div>
  </div>
 </body>
</html>
