1825 3173
123 234 168 266 U.
186 234 223 264 C.
241 242 312 274 534.

122 278 162 307 A.
186 277 223 307 C.
242 277 313 306 218.

123 318 264 349 Comitia

125 359 312 391 consularia.

341 140 393 177 52
853 135 1002 177 TITI
1043 134 1220 175 LIVII

339 227 521 267 hostium
549 226 722 281 equites,
745 224 918 265 audacia
944 224 1086 279 magis,
1110 237 1236 278 quam
1263 222 1436 263 consilio
1463 231 1535 264 aut
1554 238 1625 279 spe
1646 223 1721 264 fal-

340 283 454 325 lendi
483 282 766 331 resistendive,
795 281 829 322 si
858 296 945 321 non
974 280 1145 329 falleret,
1179 288 1462 334 transgressus.
1525 279 1576 320 Id
1606 280 1721 336 quod

340 356 471 382 unum
502 340 682 380 maxime
713 339 757 379 in
787 338 1020 394 praesentia
1059 336 1382 384 desiderabatur,
1415 337 1591 377 comitiis
1621 352 1721 377 eon-

340 398 542 439 sularibus
572 396 735 444 habitis,
762 395 806 435 in
836 395 1011 435 hiberna
1040 393 1175 434 rediit.
1242 392 1385 433 Creati
1416 393 1605 433 consules
1638 392 1718 433 Cn.

344 455 539 496 Servilius
561 462 603 494 et
626 453 676 494 C.
700 451 939 493 Flaminius.

401 511 602 552 Ceterum
642 525 695 550 ne
735 509 909 549 hiberna
955 507 1126 562 quidem
1168 506 1370 547 Romanis
1410 506 1552 561 quieta
1590 514 1721 555 erant,

342 569 587 624 vagantibus
611 566 762 623 passim
794 564 993 605 Numidis
1021 564 1243 618 equitibus,
1267 572 1320 611 et,
1344 578 1427 618 qua
1455 563 1518 602 his
1546 562 1755 618 impedi-4

344 626 449 666 tiora
469 632 599 673 erant,
625 622 847 664 Celtiberis
876 621 1183 675 Lusitanisque.
1250 619 1409 660 Omnes
1438 619 1565 675 igitur
1594 619 1723 660 clausi

343 682 530 737 undique
552 688 806 721 commeatus
834 685 963 725 erant,
986 677 1065 717 nisi
1094 692 1197 731 quos
1225 676 1342 716 Pado
1371 691 1496 716 naves
1521 676 1724 717 subvehe-

341 747 444 780 rent.
510 737 756 792 Emporium
787 749 914 790 prope
946 733 1204 774 Placentiam
1234 733 1325 781 fuit,
1348 742 1390 773 et
1418 748 1540 788 opere
1572 748 1724 788 magno

341 795 563 843 munitum,
585 802 629 834 et
656 792 794 833 valido
822 791 1032 831 firmatum
1059 789 1276 845 praesidio.
1340 789 1443 830 Eius
1471 789 1626 830 castelli
1652 802 1754 831 ex-5

341 851 558 907 pugnandi
593 865 664 905 spe
705 863 801 889 cum
837 847 1046 902 equitibus
1082 862 1128 886 ac
1163 846 1244 886 levi
1280 855 1487 887 armatura
1516 847 1725 902 profectus

343 907 570 955 Hannibal,
594 921 725 962 quum
752 905 977 960 plurimum
1000 904 1043 943 in
1065 903 1239 944 celando
1261 903 1427 958 incepto
1456 903 1509 943 ad
1530 904 1723 944 effectum
1737 910 1757 942 6

343 965 430 1020 spei
455 965 678 1013 habuisset,
702 958 824 1002 noete
854 961 1033 1009 adortus,
1056 975 1141 1000 non
1169 960 1314 1000 fefellit
1344 960 1499 1015 vigiles.
1563 960 1725 1000 Tantus

341 1030 512 1077 repente
535 1021 689 1061 clamor
704 1028 766 1060 est
782 1018 977 1066 sublatus,
996 1026 1043 1057 ut
1057 1017 1295 1057 Placentiae
1313 1032 1481 1072 quoque
1499 1017 1722 1057 audiretur.

342 1078 490 1133 Itaque
519 1078 594 1117 sub
622 1077 760 1116 lucem
788 1089 883 1115 eum
912 1074 1101 1129 equitatu
1126 1073 1270 1113 consul
1298 1074 1451 1122 aderat,
1474 1074 1592 1114 iussis
1623 1089 1726 1128 qua—

342 1135 460 1175 drato
481 1134 645 1189 agmine
667 1132 902 1186 legionibus
923 1131 1052 1184 sequi.
1107 1130 1312 1184 Equestre
1333 1131 1537 1185 proelium
1558 1130 1726 1170 interim

342 1191 629 1231 commissum:
692 1185 736 1228 in
768 1203 864 1241 quo,
897 1187 995 1241 quia
1025 1186 1187 1226 saucius
1228 1186 1442 1227 Hannibal
1483 1202 1625 1241 pugna
1654 1202 1727 1227 ex-

343 1248 476 1295 cessit,
509 1261 659 1302 pavore
695 1244 883 1285 hostibus
923 1243 1090 1291 iniecto,
1123 1242 1341 1282 defensum
1377 1243 1542 1298 egregie
1573 1244 1727 1298 praesi-

342 1304 459 1344 dium
477 1312 548 1344 est.
582 1303 818 1343 Paucorum
836 1300 933 1340 inde
951 1299 1114 1339 dierum
1131 1299 1272 1354 quiete
1295 1308 1471 1355 sumpta,
1490 1308 1532 1340 et
1553 1300 1726 1340 vixdum

342 1361 437 1401 satis
469 1368 686 1415 percurato
722 1357 906 1405 vulnere,
939 1356 991 1396 ad
1022 1356 1281 1396 Victumvias
1312 1356 1369 1396 ire
1401 1357 1537 1411 pergit
1568 1372 1728 1412 oppug-

342 1417 511 1457 nandas.
593 1415 644 1455 Id
681 1414 913 1469 emporium
946 1428 970 1453 a
1007 1412 1207 1452 Romanis
1247 1412 1410 1453 Gallico
1450 1413 1559 1454 bello
1594 1414 1729 1455 fuerat

343 1474 563 1513 munitum.
627 1471 732 1511 Inde
760 1470 898 1510 locum
925 1469 1291 1523 frequentaverant
1318 1469 1480 1509 accolae
1508 1470 1627 1510 mixti
1649 1486 1727 1510 un-

342 1530 469 1584 dique
491 1545 543 1569 ex
564 1528 753 1568 finitimis
778 1526 964 1582 populis,
998 1534 1040 1565 et
1065 1534 1153 1565 tum
1182 1534 1312 1566 terror
1337 1526 1655 1581 populationum
1677 1542 1727 1568 eo

340 1586 560 1641 plerosque
582 1600 635 1625 ex
663 1585 770 1639 agris
798 1582 1065 1638 compulerat.
1130 1582 1268 1622 Huius
1295 1583 1458 1637 generis
1487 1583 1725 1633 multitudo,

341 1643 449 1683 fama
469 1643 644 1697 impigre
660 1640 819 1681 defensi
841 1640 894 1679 ad
911 1639 1166 1679 Placentiam
1185 1639 1380 1693 praesidii
1401 1654 1586 1689 accensa,
1604 1641 1727 1681 armis

341 1700 514 1754 arreptis
536 1699 698 1738 obviam
722 1695 949 1736 Hannibali
978 1695 1176 1750 procedit.
1240 1694 1378 1750 BIagis
1400 1697 1576 1751 agmina,
1600 1713 1725 1753 quam
1742 1710 1757 1739 7

341 1756 461 1804 acies,
484 1756 527 1795 in
558 1755 624 1795 via
648 1760 970 1799 concurrerunt,
1004 1760 1057 1799 et,
1082 1766 1212 1806 quum
1241 1767 1293 1792 ex
1322 1752 1449 1792 altera
1469 1762 1585 1808 parte
1606 1754 1725 1803 nihil,

340 1821 504 1867 praeter
525 1811 782 1851 inconditam
804 1809 978 1857 turbam,
1002 1817 1122 1856 esset,
1145 1808 1188 1847 in
1210 1808 1337 1848 altera
1357 1818 1399 1849 et
1419 1809 1507 1849 dux
1528 1811 1662 1859 militi,
1685 1819 1726 1851 et

341 1869 438 1909 duci
469 1868 602 1908 fidens
633 1867 762 1914 miles,
786 1865 838 1906 ad
869 1865 1038 1919 triginta
1069 1865 1255 1919 quinque
1296 1865 1425 1906 millia
1453 1866 1672 1907 hominum
1703 1882 1727 1908 a

341 1925 482 1980 paucis
503 1924 602 1964 fusa.
666 1924 837 1963 Postero
859 1922 939 1970 die,
963 1921 1177 1962 deditione
1203 1922 1322 1971 faeta,
1345 1922 1597 1977 praesidium
1618 1924 1727 1965 intra

340 1982 505 2022 moenia
526 1995 744 2036 accepere:
779 1979 960 2033 iussique
990 1993 1102 2018 arma
1131 1978 1291 2019 tradere
1318 1995 1448 2034 quum
1470 1980 1582 2021 dicto
1602 1995 1726 2036 paru-

340 2038 479 2087 issent,
502 2038 666 2092 signum
688 2044 860 2092 repente
882 2035 1106 2076 victoribus
1127 2035 1261 2084 datur,
1280 2044 1325 2076 ut
1348 2045 1546 2091 tanquam
1567 2037 1607 2077 vi
1629 2052 1725 2093 cap-

341 2103 423 2135 tam
445 2095 589 2135 urbem
612 2094 851 2148 diriperent.
916 2091 1068 2147 Neque
1090 2092 1186 2141 ulla,
1210 2108 1316 2147 quae
1345 2093 1389 2132 in
1410 2093 1481 2133 tali
1502 2108 1545 2134 re
1567 2109 1725 2135 memo-

340 2151 478 2191 rabilis
518 2151 792 2191 scribentibus
821 2149 951 2189 videri
988 2149 1104 2197 solet,
1136 2150 1423 2204 praetermissa
1462 2150 1598 2191 clades
1638 2159 1721 2192 est:

341 2208 445 2247 adeo
473 2208 606 2247 omnis
635 2207 831 2255 libidinis,
854 2205 1208 2260 crudelitatisque,
1232 2214 1274 2246 et
1301 2206 1553 2247 inhumanae
1582 2222 1724 2263 super-

341 2264 432 2304 biae
454 2264 614 2304 editum
634 2264 677 2303 in
700 2264 869 2303 miseros
892 2271 953 2303 est
974 2262 1225 2317 exemplum.
1276 2262 1368 2303 Hae
1389 2263 1503 2304 fuere
1524 2263 1722 2305 hibernae

341 2321 629 2376 expeditiones
652 2320 912 2360 Hannibalis.

383 2479 401 2506 4
426 2470 497 2505 Qua
514 2469 563 2499 his
578 2470 796 2508 impeditiora]
820 2469 851 2499 h.
863 2480 888 2499 e.
903 2468 1010 2507 Siqua
1055 2468 1219 2507 inceptum
1236 2478 1339 2499 suum.
1363 2470 1468 2500 CREV.

342 2512 419 2540 loca.
468 2510 520 2540 De
549 2511 770 2549 Hispanorum
798 2511 927 2541 cohorte
952 2511 1010 2539 im-
1099 2517 1115 2548 7
1138 2511 1250 2549 „Mayis
1265 2512 1407 2548 aqnzina,
1420 2521 1514 2550 quam
1532 2512 1632 2549 acies]
1657 2513 1683 2541 Α
1688 2523 1722 2551 y-

342 2551 549 2589 peditioribus
562 2553 639 2582 locis
651 2556 788 2589 assueta,
799 2553 838 2582 ef.
850 2553 920 2583 infr.
932 2552 1009 2582 xxii.
1054 2562 1125 2582 men.
1146 2556 1193 2582 est
1214 2552 1372 2582 exereitus
1388 2563 1425 2582 eo
1441 2553 1552 2583 ordine
1568 2553 1722 2592 composi-

346 2594 392 2622 18.
1054 2597 1117 2631 tus,
1132 2593 1186 2631 qui
1209 2595 1249 2623 ad
1272 2594 1333 2623 iter
1346 2594 1529 2625 faciendum
1544 2605 1722 2624 accommo-

387 2642 403 2671 5
426 2635 666 2672 Eoepuynandi]
694 2636 768 2665 Hoc
782 2639 934 2666 monente
949 2635 1007 2665 Pe·
1053 2636 1146 2665 datus
1162 2639 1227 2666 est:
1254 2637 1348 2673 acies,
1364 2636 1522 2666 exereitus
1536 2640 1665 2675 aptatus
1680 2638 1720 2666 ad

343 2674 460 2704 rizonio
488 2675 626 2706 Bekker.
657 2680 688 2705 et
719 2678 850 2717 Kreyss.
881 2688 1008 2716 reposu-
1054 2687 1203 2716 pugnam.
1251 2677 1332 2707 Vult
1347 2678 1442 2716 igitur
1457 2678 1567 2707 Livius
1588 2678 1647 2707 hos
1667 2689 1721 2708 ex-

344 2719 445 2745 erunt.
492 2716 599 2755 Vulgo
616 2721 834 2756 oppugmamli.
1054 2719 1170 2748 ercitus
1196 2729 1234 2749 eo
1261 2719 1371 2749 ordine
1395 2719 1565 2749 instructos
1591 2729 1720 2749 coneur-

385 2756 404 2787 6
428 2758 531 2793 Quum
552 2760 744 2796 plurimum]
775 2760 887 2794 Quum
910 2760 1009 2790 maxi-
1053 2760 1140 2795 risse,
1167 2760 1220 2798 qui
1247 2760 1353 2789 itineri
1382 2760 1482 2799 magis
1507 2764 1602 2800 aptus
1628 2765 1721 2799 esset,

343 2808 429 2828 mam
446 2809 534 2836 spem
551 2800 709 2829 efficiendi
726 2802 862 2839 id,quod
874 2802 1008 2831 destina-
1055 2811 1150 2839 quam
1165 2801 1296 2839 proelio.
1320 2802 1425 2832 CREV.

342 2844 401 2876 rat,
417 2840 449 2869 in
473 2850 509 2870 eo
533 2841 729 2877 collocasset,
745 2843 769 2870 si
786 2843 889 2873 celare
905 2846 1009 2881 posset
