1877 3178
399 87 481 125 492
907 91 1053 133 ΤΙΤΙ
1095 94 1273 136 LIVII

193 182 236 212 U.
255 183 292 213 C.
315 184 386 221 548.
400 173 622 227 prudentia
651 177 761 218 inter
787 178 979 220 Romana
1008 189 1051 222 et
1076 182 1238 224 Punica
1267 200 1380 226 arma
1410 188 1622 230 exercitati
1650 190 1778 232 ducis.

190 222 230 254 Α·
255 225 292 255 C·
317 235 386 264 204·
402 229 590 285 Regulus
611 247 706 273 cum
728 242 864 276 tutore
887 244 929 276 et
950 237 1103 292 exigua
1119 238 1447 297 Masaesylorum
1469 259 1596 286 manu
1616 246 1660 286 in
1679 248 1781 288 Car-

400 286 725 341 thaginiensium
755 306 900 347 agrum
932 294 1125 350 perfugit.
1187 295 1252 337 Ita
1281 309 1524 354 recuperato
1551 317 1680 356 regno
1707 319 1781 359 pa-

400 351 531 393 terno,
555 344 789 397 Masinissa,
812 349 911 403 quia
932 350 1009 390 sibi
1034 351 1229 394 adversus
1254 353 1486 410 Syphacem
1508 357 1621 399 haud
1641 360 1780 414 paullo

399 400 596 441 maiorem
638 412 789 444 restare
830 405 1141 448 dimicationem
1183 412 1391 460 cernebat,
1428 414 1632 468 optimum
1667 425 1779 457 ratus

397 470 494 496 cum
530 458 652 499 fratre
693 461 878 514 patruele
918 463 1093 517 gratiam
1133 467 1412 517 reconciliare,
1449 470 1593 520 missis,
1630 472 1702 526 qui
1737 481 1780 514 et

397 526 528 566 puero
558 530 673 570 spem
699 517 895 567 facerent,
923 519 956 559 si
987 520 1030 560 in
1061 521 1189 562 fidem
1222 523 1468 566 Masinissae
1501 542 1588 568 sese
1626 529 1779 583 permi-

398 568 527 619 sisset,
549 571 736 613 futurum
759 574 802 613 in
824 575 973 615 eodem
996 576 1166 628 honore,
1186 594 1269 634 quo
1286 581 1398 636 apud
1415 582 1564 623 Galam
1584 584 1780 626 Oesalces

398 626 610 679 quondam
643 629 811 679 fuisset,
847 641 890 672 et
923 633 994 687 qui
1024 633 1251 685 Mezetulo,
1280 646 1444 692 praeter
1470 639 1808 695 impunitatem,2

397 696 471 722 sua
492 684 631 725 omnia
651 701 747 726 cum
768 687 851 728 fide
873 689 1033 730 restitui
1050 692 1326 745 sponderent3
1350 696 1471 736 ambo
1487 705 1778 753 praeoptantes

397 738 543 780 exsilio
572 742 778 784 modicam
807 744 919 785 domi
947 746 1168 797 fortunam,
1192 751 1342 799 omnia,
1369 767 1422 792 ne
1451 752 1495 792 id
1519 754 1650 803 fieret,
1675 756 1778 796 Car-

398 794 727 850 thaginiensibus
748 800 800 840 de
822 801 1024 843 industria
1045 806 1275 859 agentibus,
1298 808 1350 848 ad
1371 824 1458 849 sese
1479 810 1688 865 perduxit.

252 853 317 890 31.
457 851 695 895 Hasdrubal
726 864 813 896 tum
840 858 958 907 forte,
981 875 1111 914 quum
1140 862 1241 903 haec
1268 865 1531 919 gerebantur,
1557 868 1668 923 apud
1699 867 1777 924 Sy-

188 907 374 979 {iyl‘hlsscfml
397 907 571 961 phacem
604 920 701 952 erat.
768 912 855 960 Qui
889 914 1114 966 Numidae,
1148 918 1261 959 haud
1296 935 1393 962 sane
1430 923 1608 964 multum
1644 925 1697 965 ad
1732 940 1775 966 se

225 959 271 978 RS(
284 960 318 978 ΥΠ
332 960 362 979 )a

185 989 217 1019 in
236 991 382 1021 Masinis·
396 965 604 1018 pertinere
627 967 827 1017 credenti,
846 979 983 1011 utrum
1001 987 1129 1027 penes
1146 974 1422 1026 Lacumacen,
1440 994 1493 1019 an
1511 979 1774 1022 Masinissam

185 1041 252 1061 sam
270 1033 357 1063 insti·
395 1034 569 1074 regnum
593 1022 870 1079 Massylorum
898 1036 1015 1076 esset,
1051 1029 1161 1069 ‘falli
1190 1047 1285 1072 eum
1314 1037 1591 1090 magnopere,’
1611 1037 1680 1087 ait,
1715 1039 1774 1079 ‘si

184 1077 248 1111 gat.
397 1081 408 1098 ‘
425 1076 687 1120 Masinissam
711 1081 856 1122 iisdem
879 1092 1124 1126 contentum
1145 1087 1244 1137 fore,
1263 1090 1414 1144 quibus
1429 1100 1590 1146 patrem
1610 1093 1773 1145 Galam,

396 1138 494 1174 ‘aut
521 1144 715 1189 patruum
743 1139 832 1179 eius
863 1139 1094 1191 Oesalcem,
1121 1144 1286 1186 credat:
1321 1147 1451 1188 multo
1482 1149 1678 1190 maiorem
1710 1152 1775 1192 in-

396 1194 406 1212 ‘
423 1190 561 1231 dolem
592 1192 636 1232 in
662 1209 712 1234 eo
739 1195 867 1235 animi
898 1197 1140 1254 ingeniique
1169 1215 1268 1251 esse,
1292 1218 1417 1258 quam
1448 1205 1492 1245 in
1523 1205 1608 1247 ullo
1637 1209 1774 1263 gentis

395 1251 406 1269 ‘
422 1247 511 1287 eius
532 1264 718 1304 unquam
739 1251 893 1293 fuisset.
959 1254 1090 1310 Saepe
1112 1272 1209 1297 eum
1231 1259 1273 1299 in
1297 1259 1503 1316 Hispania
1523 1277 1636 1304 rarae
1664 1264 1774 1306 inter

394 1303 611 1346 ‘homines
633 1307 795 1348 virtutis
823 1310 1033 1364 specimen
1055 1312 1217 1355 dedisse
1247 1317 1367 1357 sociis
1391 1319 1544 1373 pariter
1568 1319 1773 1362 hostibus-

394 1365 405 1382 ‘
422 1376 503 1415 que
518 1378 527 1402 t
556 1371 597 1403 et
622 1362 868 1419 Syphacem,
884 1376 926 1407 et
943 1367 1322 1425 Carthaginienses,
1338 1373 1416 1414 nisi
1434 1375 1637 1417 orientem
1654 1377 1771 1418 illum

394 1417 561 1472 ‘ignem
598 1422 907 1475 oppressissent,
945 1424 1104 1480 ingenti
1140 1442 1237 1468 mox
1278 1430 1486 1481 inccndio,
1524 1448 1654 1488 quum
1689 1434 1770 1475 iam

393 1474 577 1515 ‘nullam
610 1492 732 1532 opem
766 1478 871 1520 ferre
901 1491 1082 1535 possent,
1115 1499 1285 1526 arsuros,
1349 1488 1504 1529 Adhuc
1538 1499 1699 1532 teneras
1730 1501 1772 1532 et

392 1530 582 1586 ‘fragiles
613 1534 701 1574 eius
731 1535 837 1576 vires
867 1552 967 1586 esse,
1002 1539 1174 1581 vixdum
1207 1543 1441 1585 coalescens
1471 1545 1647 1587 foventis
1679 1563 1772 1604 reg-

392 1589 547 1627 ‘num.'
607 1589 806 1632 Instando
840 1594 1176 1652 stimulandoque
1209 1600 1424 1654 pervincit,
1459 1611 1506 1642 ut
1541 1604 1770 1645 exercitum

389 1642 443 1682 ad
478 1643 582 1684 fines
619 1645 897 1702 Massylorum
934 1651 1178 1702 admoveat3
1220 1665 1345 1711 atque
1379 1658 1422 1697 in
1456 1674 1566 1714 agro,
1600 1660 1652 1700 de
1686 1676 1769 1716 quo

389 1713 511 1754 saepe
540 1716 635 1741 cum
668 1702 775 1743 Gala
802 1720 887 1745 non
915 1709 1048 1748 verbis
1079 1711 1203 1751 modo
1231 1713 1521 1769 disceptatum,
1543 1716 1616 1756 sed
1644 1718 1769 1758 etiam

388 1756 511 1796 armis
533 1767 732 1799 certatum
755 1760 899 1811 fuerat,
924 1772 1122 1818 tanquam
1144 1767 1256 1808 haud
1278 1769 1403 1810 dubie
1425 1771 1524 1811 iuris
1545 1773 1621 1821 sui,
1638 1782 1770 1815 castra

388 1811 508 1853 locet.
572 1820 583 1837 ‘
603 1814 644 1855 Si
681 1817 774 1871 quis
809 1827 958 1868 arceat,
995 1820 1038 1860 id
1074 1823 1187 1877 quod
1227 1826 1407 1866 maxime
1443 1842 1546 1882 opus
1580 1829 1644 1878 sit,
1680 1831 1768 1871 acie

389 1868 735 1913 ‘dimicaturum:
770 1874 833 1914 sin
866 1890 941 1930 per
973 1886 1131 1918 metum
1164 1895 1261 1935 agro
1295 1882 1477 1932 cedatur,
1507 1884 1550 1924 in
1582 1885 1766 1927 medium

389 1930 591 1980 ‘regnum
632 1929 830 1971 eundum.
894 1933 984 1973 Aut
1024 1935 1111 1975 sine
1153 1938 1377 1979 certamine
1419 1955 1683 1983 concessuros
1723 1943 1767 1984 in

389 1981 617 2024 ‘ditionem
659 1986 747 2026 eius
784 1986 1002 2043 Massylos,
1039 1999 1110 2031 aut
1150 2007 1415 2049 nequaquam
1456 2011 1574 2051 pares
1607 1998 1767 2040 futuros

388 2039 563 2080 ‘armis’
623 2040 704 2081 His
724 2044 893 2084 vocibus
922 2045 1116 2088 incitatus
1144 2048 1315 2105 Syphax
1338 2051 1582 2096 Masinissae
1610 2055 1766 2097 bellum

386 2094 522 2144 infert,
545 2105 587 2136 et
612 2098 747 2152 primo
768 2102 992 2143 certamine
1016 2103 1222 2161 Massylos
1241 2107 1380 2149 fundit
1399 2110 1608 2166 fugatque.
1671 2112 1766 2154 Ma-

382 2151 531 2192 sinissa
555 2168 650 2194 cum
678 2157 821 2210 paucis
848 2159 1058 2213 equitibus
1089 2177 1141 2202 ex
1172 2164 1258 2204 acie
1287 2164 1330 2204 in
1359 2175 1543 2207 montem
1565 2168 1765 2222 (Balbum

385 2207 545 2249 incolae
567 2212 736 2266 vocant)
757 2214 949 2269 perfugit.
1012 2216 1208 2259 Familiae
1234 2220 1393 2276 aliquot
1417 2238 1511 2263 cum
1534 2226 1796 2280 mapalibus3

383 2265 685 2321 pecoribusque
727 2270 811 2309 suis
851 2270 920 2324 (ea
964 2274 1142 2327 pecunia
1181 2275 1261 2316 illis
1301 2280 1382 2333 est)
1421 2282 1627 2334 persecuti
1667 2292 1796 2327 sunt4

383 2335 547 2376 regem:
572 2332 710 2365 cetera
726 2324 1005 2382 Massylorum
1029 2331 1253 2373 multitudo
1274 2333 1317 2373 in
1340 2334 1542 2377 ditionem
1562 2337 1763 2394 Syphacis

383 2379 597 2420 concessit.
676 2380 814 2429 Quem
865 2395 1062 2440 ceperant
1111 2389 1274 2430 exsules
1319 2400 1518 2442 montem,
1564 2394 1762 2437 herbidus

383 2448 645 2491 aquosusque
682 2447 768 2487 est3
816 2448 870 2489 et,
905 2441 1004 2496 quia
1035 2445 1174 2498 pecori
1207 2446 1339 2488 bonus
1371 2447 1522 2491 alendo
1557 2460 1656 2502 erat,
1687 2453 1762 2494 ho-

179 2046 311 2084 Syphax

179 2088 276 2117 vincit
293 2090 363 2119 Ma-

178 2129 201 2158 si
207 2130 331 2161 nissam.

426 2555 441 2574 2
466 2547 512 2576 Et
526 2548 581 2586 qui
597 2549 778 2587 Alezetulo]
806 2549 988 2582 Gronovius
1006 2563 1051 2582 re-

383 2586 460 2616 cidit
476 2587 512 2616 τὸ
528 2590 583 2628 qui
594 2602 603 2620 .·
628 2600 687 2620 nec
708 2590 879 2629 immerito,
895 2593 954 2623 nisi
971 2594 1051 2625 alios

381 2629 421 2657 ad
441 2629 667 2669 Lacumaeem,
685 2632 765 2663 alios
787 2635 827 2664 ad
850 2635 1049 2666 Mezetulum

383 2670 498 2707 legavit
520 2673 698 2704 Masinissa.
745 2675 838 2705 Tunc
861 2677 945 2706 enim
971 2678 1048 2708 nihil

383 2714 570 2742 mutandum
588 2715 677 2746 foret.
702 2717 807 2747 (ἷκεν.

426 2761 442 2789 3
467 2754 546 2783 Cum
572 2759 769 2795 mapalibus]
805 2759 888 2798 Ergo
916 2764 945 2790 et
979 2761 1047 2791 Nu-

381 2793 487 2823 midae
517 2801 603 2826 erant
636 2798 667 2828 in
698 2799 825 2830 illorum
853 2802 1046 2840 populorum

1096 2564 1239 2593 numero,
1256 2557 1309 2595 qui
1327 2567 1420 2597 vagas
1435 2569 1542 2590 secum
1563 2561 1762 2595 circumfere-

1096 2597 1172 2626 bant
1199 2598 1319 2629 domos.
1353 2601 1391 2631 cf.
1418 2601 1503 2632 Plin.
1533 2602 1578 2634 H.
1607 2604 1650 2636 N.
1677 2615 1705 2637 v.
1733 2616 1761 2646 3.

1095 2637 1173 2669 Sall.
1192 2640 1335 2679 Iugurth.
1357 2643 1402 2672 18.

1137 2692 1155 2718 4
1180 2683 1230 2711 Ea
1247 2685 1387 2721 pecunia
1408 2685 1472 2715 illis
1493 2688 1554 2724 est]
1584 2687 1630 2718 Ut
1647 2689 1760 2728 quibus

1094 2732 1243 2753 nummus
1262 2735 1324 2754 nou
1349 2730 1440 2763 esset,
1460 2728 1515 2758 sed
1539 2729 1569 2759 in
1593 2731 1759 2768 pecoribus

1094 2764 1200 2795 onmia
1216 2766 1297 2796 bona
1314 2772 1503 2800 constarent.
