1877 3178
171 190 214 221 U.
232 192 269 221 C.
293 200 366 230 551·

169 233 209 263 A.
234 233 271 264 C.
294 243 364 264 201.

176 930 220 958 14.
237 920 366 960 legioni-

170 963 240 997 bus,
261 973 329 993 100.

376 97 457 134 544
882 95 1027 137 TITI
1068 96 1247 139 LIVII

375 182 538 237 perium
561 196 659 222 esse.
723 181 763 222 Is
791 198 843 223 ex
865 183 1027 225 duobus
1055 186 1305 226 exercitibus
1331 185 1374 225 in
1404 199 1529 225 unam
1550 184 1759 240 legionem

377 238 656 279 conscriberet
690 238 903 280 Romanos
939 241 1102 291 milites,
1137 250 1179 282 et
1214 242 1258 281 in
1294 241 1536 297 quindecim
1571 242 1759 283 cohortes

377 294 509 335 socios
526 294 667 335 Latini
688 296 880 345 nominis,
899 297 1049 352 quibus
1070 298 1325 352 provinciam
1343 297 1573 338 obtineret:
1600 306 1760 338 veteres

378 350 529 391 milites
558 351 607 391 L.
629 352 849 392 Cornelius
877 362 918 393 et
947 353 995 393 L.
1017 353 1202 394 Manlius
1231 355 1275 394 in
1296 354 1457 394 Italiam
1480 354 1757 409 deportarent.

382 407 580 448 Cornelio
613 408 772 448 consuli
807 409 1111 465 quinquaginta
1143 410 1311 451 navium
1344 410 1480 451 classis
1513 425 1566 450 ex
1599 410 1760 450 duabus

378 463 585 513 classibus,
616 463 695 505 Cn.
718 464 896 514 Octavii,
919 481 1025 521 quae
1053 467 1096 506 in
1119 467 1262 507 Africa
1289 475 1409 516 esset,
1431 466 1478 506 P.
1499 465 1630 515 Villii,
1652 481 1759 521 quae

381 519 546 560 Siciliae
575 535 686 561 oram
718 522 921 571 tuebatur,
944 523 1136 563 decreta:
1170 532 1228 572 ut,
1252 538 1354 578 quas
1382 537 1506 563 naves
1527 522 1664 571 vellet,
1687 523 1761 563 de-

378 576 537 631 ligeret.
600 576 647 617 P.
675 577 813 632 Scipio
836 579 1111 635 quadraginta
1130 580 1274 634 longas
1301 595 1427 620 naves
1451 579 1635 628 haberet,
1659 594 1791 635 quasz

378 632 601 673 habuisset.
668 633 831 681 Quibus
877 636 909 675 si
957 637 1035 677 Cn.
1069 636 1305 685 Octavium,
1348 636 1454 676 sicut
1502 635 1758 690 praefuisset,

378 703 564 743 praeesse
597 690 734 739 vellet,
770 690 945 732 Octavio
976 707 1050 747 pro
1081 702 1270 747 praetore
1299 693 1342 732 in
1373 707 1470 732 eum
1499 707 1655 732 annum
1682 692 1761 732 im-

378 746 540 800 perium
578 756 708 787 esset:
754 747 786 787 si
824 748 1015 788 Laelium
1051 750 1304 804 praeficeret,
1345 748 1543 790 Octavius
1580 748 1760 788 Romam

378 801 622 843 decederet:
657 803 957 859 reduceretque
992 820 1128 853 naves,
1163 806 1314 860 quibus
1346 804 1506 845 consuli
1542 819 1639 844 usus
1673 819 1759 845 non

378 867 497 898 esset.
560 858 615 899 Et
637 858 698 899 M.
724 860 850 900 fabio
871 861 914 900 in
934 860 1165 902 Sardiniam
1190 862 1335 902 decem
1364 862 1512 916 longae
1541 876 1666 901 naves
1687 861 1760 901 de-

379 923 525 954 cretae.
590 915 646 954 Et
672 916 861 956 consules
882 916 984 956 duas
1012 918 1195 972 legiones
1223 919 1401 958 urbanas
1428 917 1605 958 scribere
1630 917 1756 958 iussi:

379 979 425 1011 ut
446 970 780 1025 quattuordecim
802 972 1034 1026 legionibus
1062 989 1111 1014 eo
1139 989 1263 1023 anno,
1285 982 1454 1014 centum
1474 974 1648 1014 navibus
1669 973 1759 1014 lon-

170 1005 304 1035 navibus
319 1015 367 1035 res
409 1027 417 1034 .

168 1049 266 1084 gesta.

232 1091 299 1128 42.

171 1144 284 1183 Legati

171 1185 327 1226 Philippi.

169 2216 253 2246 Cum
270 2215 350 2246 tristi

169 2268 317 2296 responso

170 2299 300 2332 dhnissi.

378 1041 441 1081 gis
462 1027 694 1082 respublica
714 1028 1081 1070 administraretur.

437 1083 549 1123 Tum
583 1083 635 1123 de
671 1084 817 1138 legatis
858 1085 1045 1140 Philippi
1081 1094 1123 1127 et
1162 1086 1572 1142 Carthaginiensium
1605 1094 1756 1127 actum.

379 1139 542 1180 Priores
571 1139 827 1181 Macedonas
848 1142 1057 1182 introduci
1078 1143 1256 1198 placuit:
1291 1158 1468 1199 quorum
1489 1143 1601 1183 varia
1628 1143 1759 1183 oratio

377 1196 479 1244 fuit3
512 1197 662 1251 partim
683 1199 963 1253 purgantium,
987 1214 1093 1253 quae
1116 1200 1251 1255 questi
1273 1209 1391 1240 erant
1412 1200 1524 1239 missi
1545 1199 1598 1239 ad
1619 1214 1759 1255 regem

377 1267 402 1293 a
430 1252 568 1293 Roma
587 1253 712 1309 legati
734 1254 786 1295 de
815 1255 1083 1310 populatione
1113 1256 1342 1304 sociorum3
1375 1256 1525 1311 partim
1556 1255 1665 1296 ultro
1693 1271 1760 1296 ac-

377 1310 611 1350 cusantium
652 1310 822 1365 quidem
863 1320 906 1352 ct
940 1312 1071 1353 socios
1103 1313 1248 1368 populi
1289 1313 1483 1361 Romani,
1520 1312 1594 1353 sed
1630 1312 1760 1353 multo

377 1365 566 1406 infestius
588 1366 649 1406 M.
668 1367 887 1408 Aurelium
903 1384 912 1416 ς
946 1369 1091 1423 (quem
1107 1385 1158 1409 ex
1176 1369 1306 1410 tribus
1319 1369 1371 1409 ad
1393 1384 1434 1409 se
1453 1369 1584 1409 missis
1600 1368 1758 1424 legatis,

378 1422 543 1463 delectu
584 1423 738 1472 habito,
776 1425 1018 1474 substitisse,
1056 1434 1097 1466 et
1137 1441 1178 1466 se
1219 1425 1329 1466 bello
1370 1425 1576 1466 lacessisse
1617 1434 1761 1466 contra

378 1478 536 1528 foedus,
555 1487 596 1519 et
618 1495 739 1535 saepe
756 1496 851 1522 cum
874 1482 1091 1536 praefectis
1108 1483 1191 1522 suis
1212 1483 1339 1538 signis
1355 1482 1513 1523 collatis
1534 1481 1759 1537 pugnasse)

377 1535 526 1589 partim
549 1537 860 1590 postulantium,
879 1547 926 1578 ut
947 1538 1204 1579 blaccdones
1221 1539 1391 1593 duxque
1409 1553 1552 1579 eorum
1573 1538 1759 1593 Sopater,

378 1592 449 1645 qui
467 1592 579 1646 apud
601 1592 882 1634 Hannibalem
907 1595 1098 1635 mercede
1117 1595 1374 1644 militassent,
1393 1595 1585 1650 captique
1608 1595 1652 1634 in
1668 1595 1759 1635 vin-

377 1647 481 1687 culis
512 1658 660 1697 essent,
693 1650 770 1689 sibi
802 1651 1128 1692 restituerentur.
1192 1652 1406 1692 Adversus
1436 1667 1485 1692 ea
1516 1651 1577 1691 M.
1597 1650 1758 1700 Furius,

378 1703 524 1744 missus
555 1704 608 1744 ad
639 1705 681 1745 id
711 1705 847 1760 ipsum
879 1708 929 1747 ab
963 1708 1137 1748 Aurelio
1169 1723 1222 1748 ex
1257 1708 1520 1757 Macedonia,
1554 1707 1758 1756 disseruit,

378 1765 390 1782 ‘
405 1759 626 1801 Aurelium
647 1761 850 1810 relictum,
874 1778 926 1802 ne
952 1764 1052 1803 socii
1077 1764 1220 1818 populi
1248 1764 1442 1812 Romani,
1464 1764 1559 1803 fessi
1586 1763 1759 1818 popula-

379 1816 585 1856 ‘tionibus
606 1825 730 1872 atque
757 1818 920 1867 iniuria,
944 1819 996 1858 ad
1021 1834 1161 1874 regem
1184 1819 1423 1868 deficerent,
1447 1819 1600 1859 finibus
1628 1820 1760 1860 socio-

379 1877 495 1911 ‘rum
517 1888 603 1913 non
623 1875 870 1914 excessisse:
905 1875 1066 1915 dedisse
1090 1891 1270 1930 operam,
1294 1891 1346 1916 ne
1375 1876 1546 1930 impune
1576 1876 1620 1915 in
1641 1891 1759 1931 agros

379 1933 546 1968 ‘eorum
573 1931 914 1970 transcenderent
939 1931 1214 1986 populatores.
1280 1931 1501 1987 Sopatrum
1528 1947 1580 1972 ex
1602 1947 1759 1987 purpu-
1772 1950 1790 1980 3

379 1990 390 2007 ‘
406 1984 503 2024 ratis
525 1993 565 2024 et
586 1986 832 2041 propinquis
853 1987 960 2041 regis
981 2002 1091 2028 esse:
1125 2003 1221 2028 cum
1243 2003 1336 2028 cum
1360 1997 1556 2043 quattuor
1576 1988 1759 2029 millibus

379 2039 688 2082 ‘Macedonum
719 2052 762 2082 et
791 2043 970 2098 pecunia
999 2044 1169 2084 missum
1200 2059 1335 2099 nuper
1362 2045 1405 2084 in
1439 2044 1625 2085 Africam
1656 2060 1757 2094 esse,

378 2096 632 2138 ‘Hannibali
666 2097 1164 2155 Carthaginiensibusque
1196 2101 1376 2141 auxilio.’
1437 2101 1503 2141 De
1537 2101 1601 2141 his
1635 2102 1758 2142 rebus

376 2153 618 2208 interrogati
650 2154 919 2204 Macedones,
949 2172 1079 2211 quum
1109 2157 1307 2212 perplexe
1338 2157 1638 2212 responderent
1665 2157 1790 2213 ipsi,4

376 2219 471 2250 ante
503 2225 745 2265 responsum
778 2212 977 2261 tulerunt,
1007 2219 1017 2236 ‘
1036 2213 1202 2253 Bellum
1234 2228 1432 2268 quaerere
1458 2228 1611 2268 regem,
1644 2223 1697 2262 et,
1724 2215 1758 2254 si

378 2273 559 2322 ‘pergat,
581 2268 826 2323 propediem
855 2269 1134 2310 inventurum.
1198 2269 1437 2325 Dupliciter
1464 2270 1515 2310 ab
1536 2285 1586 2310 co
1613 2270 1758 2311 foedus

419 2393 435 2412 2
461 2384 685 2423 Quadraginta
709 2386 820 2423 lonyas
844 2386 958 2423 nares]
991 2386 1043 2415 Ita

376 2435 433 2463 pro
469 2427 707 2466 quinquaginta
745 2427 927 2457 emendavit
962 2427 1043 2457 Dra-

376 2467 470 2497 kenb.
515 2468 579 2497 Tot
609 2472 717 2497 autem
748 2468 878 2498 navium
910 2470 1044 2498 classem

376 2508 558 2547 Scipionem
591 2509 746 2548 prioribus
773 2511 866 2539 annis
896 2511 1044 2541 habuisse

375 2560 461 2588 supr.
482 2560 510 2581 2.
530 2550 651 2581 dictum
676 2557 741 2581 est:
766 2551 811 2581 ita
836 2562 962 2590 quoque
986 2563 1043 2588 nuss

1088 2386 1236 2424 frequens
1249 2386 1370 2416 mentio
1383 2390 1471 2416 estet
1483 2386 1515 2416 in
1528 2387 1615 2417 libris
1625 2397 1757 2427 sequen-

1088 2428 1183 2464 tibus,
1200 2432 1230 2458 et
1258 2429 1344 2467 apud
1362 2429 1522 2466 Curtium,
1538 2433 1570 2459 et
1590 2429 1666 2459 alibi
1688 2440 1757 2468 pas-

1087 2470 1157 2500 sim.
1182 2470 1288 2500 CuEv.

1131 2523 1149 2549 4
1171 2513 1411 2550 Responderent
1436 2513 1509 2551 ipsi,
1532 2517 1607 2542 ante
1629 2523 1756 2552 respon-

1087 2555 1173 2591 sum]
1223 2554 1276 2583 Ita
1313 2553 1496 2584 emendavit
1527 2554 1669 2585 Gronov.
1699 2565 1757 2593 pro

375 2600 482 2621 merus
504 2592 633 2622 navium
658 2603 731 2622 cum
755 2598 881 2624 centum
905 2596 1043 2624 navibus

376 2634 477 2671 lonyz's
493 2633 563 2664 infr.
581 2635 759 2665 conveniet.

419 2683 436 2711 3
460 2676 514 2704 Em
526 2678 737 2714 purpuratas]
758 2676 932 2715 Purpurati
949 2678 981 2707 in
998 2688 1043 2707 re-

375 2725 451 2752 gum
476 2717 760 2747 B'Iacedonicorum
786 2719 869 2748 aulis
894 2718 915 2748 ii
942 2723 1043 2757 erant,

376 2756 441 2793 qui,
458 2758 530 2794 quia
552 2759 705 2796 dignitate
724 2763 846 2789 ceteros
866 2761 1044 2798 anteibant,

377 2807 535 2836 purpurea
568 2805 653 2830 veste
683 2802 864 2833 utebantur.
915 2803 1042 2832 Horum

1088 2595 1172 2634 vulg.
1194 2597 1430 2634 responderent,
1450 2597 1513 2634 ipsi
1536 2600 1610 2626 ante
1630 2607 1757 2635 respon-

1087 2648 1169 2673 sum,
1185 2638 1239 2666 sed
1259 2640 1399 2667 veterem
1421 2637 1593 2666 lectionem
1616 2638 1756 2668 Bekker.

1088 2678 1257 2709 revocavit.
1305 2679 1500 2712 Perizonius,
1527 2688 1621 2717 quem
1646 2680 1757 2709 laudat

1089 2720 1255 2750 Drakenb.
1284 2730 1340 2759 pro
1370 2726 1446 2751 (mle
1473 2730 1582 2750 vocem
1613 2731 1687 2751 acre
1713 2722 1755 2751 le-

1088 2762 1224 2800 gendam
1243 2762 1388 2792 coniecit.
