1871 3178
518 69 642 111 LIB.
677 70 892 112 XXVIII.
934 72 1078 113 CAP.
1115 74 1150 114 7.
1441 76 1523 115 407

141 157 278 198 cidem
300 158 398 199 inde
420 159 608 213 protinus
625 160 781 200 victrici
804 160 931 200 classe
954 161 1079 215 petit:
1106 160 1176 200 ubi
1199 159 1522 217 haudquaquam
1541 173 1582 204 U.
1600 174 1638 204 (J.
1661 183 1731 213 545·

110 213 195 257 9ad
216 229 331 269 spem
355 225 529 256 eventus
552 216 773 271 respoudit.
828 216 893 256 Ex
915 216 1075 271 patenti
1102 217 1311 271 utrimque
1334 214 1732 269 001101111114·(3·.207·

141 269 185 310 111
206 272 417 326 angustias
439 288 548 313 mare
575 273 755 327 speciem
781 273 961 313 intuenti
983 273 1116 327 primo
1137 273 1292 327 gemini
1316 284 1458 328 portus
1480 257 1732 329 inssrffi'ssssdtz'ss'

140 341 212 367 ora
232 327 316 369 duo
333 329 438 370 versi
460 329 716 384 praebuerit:
741 329 813 369 scd
837 329 947 369 haud
964 329 1082 369 facile
1105 329 1184 369 alia
1206 329 1391 370 infestior
1406 331 1522 372 classi
1536 346 1614 371 tant.

139 384 261 424 statio
283 394 355 425 cst.
405 385 515 425 Nam
534 394 573 425 et
591 385 703 426 venti
725 386 776 425 ab
800 385 1013 440 utriusque
1038 394 1169 426 terrae
1192 386 1383 440 praealtis
1405 402 1523 428 mon·
1538 398 1688 438 Euripus.

141 440 251 481 tibus
267 442 391 482 subiti
409 458 455 482 ac
473 441 687 497 procellosi
705 457 746 482 se
764 441 978 490 deiiciunt,
994 450 1035 482 et
1052 442 1203 482 fretum
1222 443 1356 497 ipsum
1376 443 1523 499 Euripi

139 511 224 537 non
252 498 403 553 septies
430 498 512 547 die,
535 499 639 539 sieut
668 498 776 538 fama
803 499 893 547 fert,
918 499 1173 553 temporibus
1200 499 1315 539 statis
1342 500 1524 555 recipro-

111 562 229 594 1cat:
269 554 343 595 sed
375 564 529 595 temere
562 555 604 594 111
636 555 806 595 modum
840 555 966 603 venti,
1001 571 1111 595 nune
1148 555 1243 604 huc,
1276 571 1388 596 nunc
1425 557 1522 597 illuc

138 624 255 651 verso
272 612 387 659 mari,
406 611 518 652 velut
536 620 676 652 monte
694 611 910 666 praecipiti
931 612 1150 652 devolutus
1173 620 1331 652 torrens
1352 614 1520 668 rapitur.

138 665 203 707 Ita
224 682 301 708 nec
324 676 458 716 nocte,
477 683 553 709 nec
575 668 643 708 dic
665 668 784 722 quies
805 669 978 708 navibus
999 668 1132 709 (latur.
1184 669 1327 716 Quum
1350 669 1521 710 classem

138 731 222 764 tam
245 724 395 764 infesta
414 725 535 765 statio
557 725 731 779 aceepit,
754 734 842 765 tum
869 734 910 765 ct
936 725 1151 780 oppidum,
1174 725 1253 766 alia
1272 735 1386 781 parte
1410 726 1522 767 clau-

137 795 229 820 sum
270 781 386 829 mari,
420 781 499 821 alia
535 782 585 821 ab
622 790 730 821 terra
769 781 934 836 egregie
971 782 1193 830 munitum,
1230 783 1520 838 praesidioque

136 837 273 877 valido
309 837 532 886 firmatum,
569 846 612 878 et
646 838 868 893 praecipue
905 838 988 878 fide
1025 839 1328 893 praefectorum
1370 840 1521 894 princi-

136 907 335 948 pumque,
368 909 474 948 quae
510 895 623 934 fluxa
654 903 695 934 et
726 910 831 935 vana
861 895 973 950 apud
1007 896 1166 936 Oreum
1197 896 1344 944 fuerat,
1376 897 1520 937 stabile

135 957 262 1004 atque
284 951 608 1006 inexpugnabile
630 951 719 991 fuit.
783 951 833 991 Id
854 951 1095 1006 prudenter,
1119 960 1165 992 ut
1191 953 1233 991 in
1256 961 1411 993 temere
1434 969 1521 993 sus-

135 1015 257 1061 cepta
276 1022 333 1056 re,
354 1007 571 1048 Romanus
587 1008 699 1056 fecit,
717 1007 844 1062 quod,
863 1008 1173 1063 circumspectis
1194 1008 1519 1058 difficultatibus,

135 1077 188 1103 ne
205 1063 355 1104 frustra
376 1073 539 1118 tempus
562 1073 725 1112 tereret,
743 1064 933 1104 celeriter
953 1065 1109 1105 abstitit
1132 1065 1311 1120 incepto,
1330 1065 1521 1106 classem-

135 1135 217 1174 que
236 1120 333 1160 inde
351 1120 404 1160 ad
425 1120 459 1160 C
464 1135 594 1175 ι11111111
613 1120 804 1160 Locridis
820 1121 1072 1174 (emporium
1096 1121 1140 1161 id
1160 1130 1221 1161 cst
1239 1122 1351 1162 urbis
1371 1122 1520 1177 Opun—

104 1197 122 1218 2
136 1176 288 1216 tiorum
310 1176 422 1216 mille
445 1191 639 1230 passuum
661 1192 684 1217 a
706 1177 807 1216 mari
829 1177 951 1229 sitae)
973 1177 1144 1217 traiecit.

193 1232 436 1287 Philippum
459 1242 500 1273 et
525 1233 640 1287 ignes
662 1234 711 1274 ab
737 1234 849 1273 Oreo
877 1233 979 1273 editi
1010 1244 1271 1283 monuerant,
1296 1234 1369 1274 sed
1389 1235 1519 1275 serius
1613 1239 1649 1279 7.

135 1288 313 1329 Platoris
333 1289 476 1329 fraude
499 1305 521 1329 0
543 1290 709 1344 specula
730 1289 825 1330 elati
843 1306 851 1329 :
886 1299 927 1329 ct
956 1290 1101 1345 impari
1131 1291 1345 1331 maritimis
1365 1291 1520 1332 viribus

135 1345 247 1386 haud
275 1345 406 1386 facilis
438 1355 525 1386 erat
558 1346 601 1386 in
634 1346 811 1386 insulam
845 1346 961 1386 classi
995 1362 1193 1387 accessus.
1257 1346 1321 1387 Ita
1352 1362 1415 1388 res
1446 1363 1521 1403 per

135 1403 447 1443 cunctationem
468 1403 627 1443 omissa.
691 1403 763 1443 Ad
787 1402 1001 1443 Chalcidis
1023 1403 1238 1451 auxilium,
1261 1404 1332 1444 ubi
1354 1404 1519 1459 signum

134 1459 308 1513 accepit,
336 1459 510 1513 impigre
542 1468 604 1499 est
635 1467 780 1499 motus,
844 1458 956 1499 Nam
987 1468 1029 1499 ct
1059 1460 1147 1514 ipsa
1180 1459 1360 1508 Chalcis,
1388 1476 1520 1515 quan·
1533 1468 1698 1515 Chalcidis

135 1530 262 1569 quam
283 1515 470 1555 eiusdem
493 1515 649 1556 insulae
672 1516 768 1556 urbs
789 1524 861 1563 est,
886 1525 1025 1556 tamen
1054 1516 1157 1556 adeo
1186 1525 1273 1557 arto
1302 1515 1621 1557 interscin,s1tus.

136 1572 250 1612 ditur
275 1571 394 1620 freto,
418 1582 464 1612 ut
492 1581 619 1627 ponte
648 1572 881 1612 continenti
909 1572 1116 1627 iungatur,
1141 1582 1331 1627 terraque
1360 1573 1521 1614 aditum

104 1628 374 1677 3faeiliorem,
405 1643 530 1683 quam
561 1629 676 1677 mari,
706 1628 866 1668 habeat.
930 1628 1064 1683 Igitur
1094 1629 1328 1684 Philippus,
1357 1630 1521 1670 deiecto

135 1685 354 1740 praesidio,
376 1685 558 1739 fusisque
582 1685 758 1733 Aetolis,
781 1685 854 1739 qui
879 1685 1029 1725 saltum
1053 1685 1431 1742 Thermopylarum
1458 1687 1522 1726 in-

135 1741 338 1790 sidebant,
365 1757 496 1796 quum
527 1742 578 1781 ab
605 1741 876 1782 Demetriade
912 1741 1160 1791 Scotussam,
1188 1742 1285 1783 inde
1314 1743 1366 1783 de
1399 1744 1523 1783 tertia

135 1798 276 1853 vigilia
310 1798 531 1853 profectus,
567 1798 751 1853 trepidos
783 1797 923 1838 hostes
956 1798 1206 1839 Heracleam
1240 1799 1519 1854 compulisset,

105 1855 223 1910 4ipse
260 1870 344 1895 uno
380 1855 447 1895 die
482 1855 680 1895 Phocidis
714 1854 894 1895 Elatiam
930 1855 1060 1895 millia
1094 1855 1270 1910 amplius
1306 1856 1521 1911 sexaginta

135 1911 365 1952 contendit.
430 1911 591 1952 Eodem
615 1912 744 1951 ferme
770 1911 838 1951 die
867 1912 917 1952 ab
944 1911 1086 1952 Attalo
1114 1927 1210 1967 rege
1236 1912 1517 1967 Opuntiorum
1534 1921 1692 1961 Opuntio-

137 1968 234 2008 urbs
266 1977 387 2022 capta
419 1968 702 2022 diripiebatur.
768 1967 1043 2008 Concesserat
1077 1983 1169 2007 eam
1206 1969 1401 2022 praedam
1432 1970 1519 2024 regi
1532 1974 1601 2024 ‘jun
1619 1965 1693 2035 uflffjs

139 2023 360 2078 Sulpicius,
380 2024 478 2078 quia
502 2024 661 2064 Orcum
683 2039 835 2078 paucos
857 2033 952 2063 ante
974 2024 1062 2063 dies
1083 2024 1134 2063 ab
1159 2024 1352 2064 Romano
1374 2024 1518 2074 milite,
1533 2011 1659 2078 (Ᾰὶξξὲῗοι

137 2081 377 2135 expertibus
398 2080 534 2134 regiis,
557 2080 767 2134 direptum
788 2079 931 2120 fuerat.
1003 2079 1146 2126 Quum
1172 2079 1363 2120 Romana
1383 2080 1521 2122 elassis

137 2152 187 2179 eo
219 2151 261 2177 se
295 2136 529 2191 recepisset,
564 2135 746 2184 Attalus,
780 2136 947 2189 ignarus
980 2135 1182 2176 adventus
1216 2136 1416 2191 Philippi,
1448 2152 1522 2192 pe-

137 2193 272 2234 cuniis
298 2208 322 2234 a
349 2193 606 2248 principibus
634 2192 852 2247 exigendis
885 2193 1042 2232 terebat
1074 2201 1250 2247 tempus.
1313 2193 1521 2248 Adeoque

181 2329 200 2358 9
223 2320 277 2348 ΕΡ
293 2320 420 2357 patenti
438 2320 596 2358 ech-imque
612 2323 753 2348 coactum
773 2319 805 2347 ἱιι
851 2322 885 2347 111
916 2328 1068 2348 numerus
1098 2329 1250 2357 passuum
1283 2329 1356 2348 cum
1387 2329 1436 2356 e0‚
1466 2319 1520 2357 qui

139 2362 306 2399 anyustias
329 2361 434 2397 mare]
469 2361 574 2396 Mare,
599 2360 684 2398 quod
708 2359 805 2389 1111111-
850 2360 938 2398 apud
959 2360 1149 2390 Strabonem
1170 2360 1211 2390 ix.
1235 2371 1265 2399 p.
1283 2369 1355 2398 425.
1376 2365 1434 2397 est,
1455 2371 1520 2390 ma-

139 2413 212 2441 que,
228 2402 269 2431 ad
284 2402 429 2431 dextram
450 2406 481 2431 et
502 2402 543 2430 ad
564 2401 735 2438 sinistram,
752 2411 805 2440 pa-
850 2402 896 2440 gis
919 2402 1100 2438 conveniat,
1122 2411 1156 2431 M.
1174 2411 1201 2431 P.
1220 2411 1256 2432 11.
1273 2401 1304 2432 h.
1322 2412 1348 2431 e.
1369 2403 1432 2432 duo
1455 2404 1520 2432 mil-

138 2449 209 2474 tens
224 2448 255 2473 et
270 2447 419 2482 apertum
435 2447 493 2479 est,
509 2453 546 2472 eo
568 2443 638 2473 loco
660 2447 807 2472 coactum
851 2445 895 2472 lia
920 2453 1083 2481 passuum,
1105 2444 1276 2481 legendum
1302 2443 1382 2480 vult,
1400 2444 1521 2483 quippe

137 2486 171 2516 in
197 2485 371 2524 angustias,
393 2484 533 2523 speeiem
555 2484 673 2523 gemini
698 2484 808 2522 portus
852 2485 966 2514 Strabo
991 2484 1175 2522 quindecim
1200 2484 1303 2514 stadia
1325 2495 1343 2514 a
1369 2486 1448 2515 mari
1476 2496 1520 2517 re-

137 2527 265 2567 gemino
285 2527 375 2556 aditu
397 2526 535 2565 patentis
557 2525 659 2564 primo
676 2530 807 2564 aspectu
852 2531 972 2555 motam
990 2536 1056 2556 esse
1072 2527 1183 2555 urbem
1200 2526 1316 2556 scribit.

139 2569 340 2600 intuentibus
356 2569 538 2606 praebebat.
896 2576 912 2606 3
937 2569 1065 2598 Deiecto
1078 2569 1239 2606 praesidio
1255 2592 1262 2598 .
1277 2592 1283 2598 .
1298 2591 1305 2598 .
1322 2570 1519 2608 insidebant]

186 2621 198 2641 1
225 2613 267 2640 In
295 2611 417 2640 modum
450 2611 551 2647 venti]
588 2609 807 2644 Queinadmo-
856 2609 947 2638 Haec
965 2611 1060 2639 rerba
1083 2614 1152 2648 post
1174 2611 1282 2648 viyilia
1298 2612 1461 2649 profectus
1476 2611 1521 2641 in-

140 2654 218 2683 dum
241 2656 353 2682 ventus
374 2656 505 2687 temere,
525 2661 630 2688 neque
651 2651 740 2680 statis
763 2661 808 2680 re·
853 2651 985 2680 serenda
1002 2656 1108 2681 censet
1125 2652 1318 2689 Cievierius,
1331 2657 1365 2682 ut
1381 2664 1463 2692 quae
1478 2654 1523 2683 ita

141 2705 269 2725 currens
293 2693 423 2729 vicibus,
448 2693 542 2723 flatus
573 2692 727 2722 immittat
760 2693 809 2721 vel
854 2692 955 2731 magis
990 2693 1102 2722 rationi
1134 2693 1377 2733 Geographicae
1409 2706 1522 2725 eonve-

142 2736 297 2776 reprimit.
855 2734 970 2764 nirent.

188 2789 201 2808 2
230 2779 324 2808 Mille
350 2779 523 2816 passuum]
568 2775 810 2814 XVesselingius,
898 2788 916 2814 4
940 2777 1106 2815 Phocidis]
1133 2788 1174 2808 sc.
1193 2778 1327 2809 Urbem.
