1877 3178
341 88 420 128 168
849 82 997 126 TITI
1037 80 1216 124 LIVII

134 180 179 211 U·
196 181 234 212 C.
257 176 468 220 537·‘dum
495 184 660 232 praetor
689 191 811 226 unus,
833 192 929 217 cum
959 175 1102 231 paucis
1122 182 1165 215 et
1185 172 1302 213 novis
1332 170 1544 219 militibus,
1568 167 1722 210 Nolam

131 223 173 254 A.
196 223 236 256 Ο·
257 231 328 263 ²¹5·
343 233 493 274 ‘tutari
513 233 651 288 possit.
713 233 916 288 Ipsorum,
940 247 1064 288 quam
1088 228 1349 276 Hannibalis,
1371 228 1580 276 interesse,
1602 233 1753 280 eaptaz

343 296 421 331 ‘an
457 290 608 330 tradita
638 289 751 330 Nola
785 291 999 345 potiretur.
1061 287 1299 329 Potiturum
1340 284 1465 332 enim,
1496 292 1543 323 ut
1576 282 1724 338 Capua

344 353 356 372 ‘
370 347 637 401 Nuceriaque
652 347 808 402 potitus
822 357 945 387 esset:
974 345 1059 394 sed,
1070 344 1174 399 quid
1187 344 1296 383 inter
1308 341 1479 396 Capuae
1495 339 1725 380 Nuceriae-
1737 358 1754 389 3

344 409 356 428 ‘
372 419 454 460 que
474 404 683 445 fortunam
714 404 943 451 interesset,
966 403 1076 457 ipsos
1106 415 1234 456 prope
1266 399 1311 439 in
1338 397 1478 438 medio
1504 397 1602 437 sitos
1634 396 1726 436 No-

345 466 356 484 ‘
371 461 487 501 Ianos
522 461 637 501 scire.
700 459 827 500 Nolle
869 459 1057 507 ominari,
1099 472 1206 512 quae
1247 463 1391 510 captae
1432 454 1525 494 urbi
1563 467 1726 493 cessura

345 517 527 558 ‘forentz
552 516 625 557 sed
652 517 792 572 potius
819 516 1037 571 spondere,
1060 515 1093 554 si
1122 512 1372 554 Marcellum
1394 525 1489 551 cum
1519 509 1725 565 praesidio

346 579 359 598 ‘
374 590 421 615 ac
439 574 592 614 Nolam
612 573 889 621 tradidissent,
907 573 1118 612 neminem
1133 569 1272 617 alium,
1289 583 1414 623 quam
1436 567 1557 622 ipsos,
1574 566 1724 620 legem,

346 637 358 654 ‘
375 646 458 686 qua
499 631 542 670 in
587 630 827 670 societatem
873 629 1182 682 amicitiamque
1230 624 1479 666 Hannibalis
1521 623 1724 671 venirent,

345 693 358 711 ‘
374 688 608 728 dicturum.'
668 686 740 726 Ad
761 701 810 726 ea
832 685 1073 726 Herennius
1099 684 1249 724 Bassus
1270 681 1505 737 respondit:
1542 685 1552 703 ‘
1566 679 1727 719 BIultos

346 750 500 786 ‘annos
526 745 607 784 iam
628 744 738 783 inter
765 743 1003 783 Romanum
1034 741 1333 794 Nolanumque
1361 737 1564 794 populum
1585 735 1728 776 amici-

346 807 359 825 ‘
375 803 473 842 tiam
495 816 595 850 esse,
613 801 730 841 euius
751 808 920 840 neutros
940 799 991 840 ad
1013 813 1104 839 eam
1126 797 1237 837 diem
1254 796 1492 852 poenitere3
1526 802 1568 834 et
1589 793 1678 841 sibi,
1694 792 1728 832 si

346 864 358 882 ‘
374 873 470 899 cum
493 858 661 898 fortuna
691 856 891 897 mutanda
916 856 1019 896 fides
1046 855 1192 902 fuerat,
1215 868 1304 894 sero
1336 853 1418 892 iam
1449 866 1535 891 esse
1567 858 1761 896 mutare4

346 920 359 938 ‘
375 930 477 956 eam.
540 914 758 954 Dedituris
799 928 840 953 se
884 912 1113 953 Hannibali
1152 926 1238 951 non
1272 909 1396 949 fuisse
1436 906 1727 948 arcessendum

346 977 359 995 ‘
376 971 616 1012 Romanum
642 969 920 1025 praesidium:
955 984 1049 1009 cum
1071 969 1132 1017 iis,
1156 967 1227 1023 qui
1250 966 1301 1007 ad
1332 981 1373 1006 se
1396 964 1573 1005 tuendos
1594 963 1730 1003 venis-

347 1033 360 1052 ‘
375 1037 479 1076 sent,
502 1028 641 1068 omnia
661 1027 738 1066 sibi
760 1035 802 1065 et
823 1041 909 1066 esse
932 1026 1179 1072 consociata,
1203 1033 1243 1063 et
1265 1023 1318 1063 ad
1339 1023 1531 1063 ultimum
1553 1020 1666 1060 fore.’

405 1084 500 1124 Hoc
521 1083 777 1137 colloquium
791 1082 958 1122 abstulit
973 1096 1086 1136 spem
1108 1080 1338 1120 Hannibali
1354 1094 1429 1134 per
1448 1077 1730 1133 proditionem

344 1140 608 1194 recipiendae
641 1138 789 1179 Nolae.
852 1138 1000 1192 Itaque
1032 1137 1234 1192 oppidum
1260 1150 1411 1176 corona
1441 1133 1729 1182 circumdedit,

346 1207 392 1238 ut
422 1196 545 1236 simul
575 1196 626 1235 ab
658 1194 772 1235 omni
803 1203 918 1249 parte
950 1194 1116 1234 moenia
1146 1193 1452 1248 aggrederetur.
1518 1190 1657 1238 Quem
1684 1198 1731 1230 ut

345 1253 588 1295 successisse
624 1251 753 1291 muris
789 1250 1016 1291 Marcellus
1048 1250 1165 1299 vidit,
1197 1251 1399 1289 instructa
1430 1248 1539 1288 intra
1570 1255 1732 1302 portam

346 1311 447 1359 acie,
470 1324 566 1350 cum
600 1323 751 1364 magno
777 1308 961 1349 tumultu
993 1307 1140 1362 erupit.
1204 1306 1382 1360 Aliquot
1406 1304 1541 1360 primo
1571 1304 1733 1359 impetu

345 1366 526 1423 perculsi
547 1365 739 1420 caesique
761 1373 858 1405 sunt
871 1380 881 1413 3
915 1364 1026 1413 dein,
1049 1379 1254 1404 concursu
1281 1362 1333 1402 ad
1354 1370 1588 1417 pugnantes
1608 1360 1730 1410 facto,

347 1423 618 1478 aequatisque
640 1422 807 1470 viribus,
830 1430 947 1461 atrox
970 1421 1106 1476 coepit
1128 1436 1215 1461 esse
1236 1435 1400 1475 pugna:
1435 1417 1733 1458 memorabilis-

350 1495 433 1535 que
470 1479 579 1518 inter
613 1493 764 1533 paucas
799 1477 955 1526 fuisset,
989 1478 1033 1517 ni
1075 1477 1314 1532 ingentibus
1348 1475 1539 1531 procellis
1579 1475 1733 1515 effusus

348 1537 482 1576 imber
496 1535 728 1575 diremisset
741 1542 987 1589 pugnantes.
1051 1534 1115 1574 Eo
1136 1534 1203 1574 die
1226 1533 1444 1574 commisso
1459 1531 1623 1572 modico
1644 1545 1733 1572 cer-

347 1593 519 1641 tamine,
542 1600 666 1646 atque
695 1591 861 1631 irritatis
889 1591 1050 1639 animis,
1073 1591 1116 1630 in
1139 1591 1284 1630 urbem
1316 1589 1511 1637 Romani,
1534 1587 1668 1628 Poeni
1688 1587 1733 1627 in

348 1658 481 1690 castra
496 1663 582 1689 sese
599 1656 857 1702 receperunt.
920 1647 1083 1687 Tamen
1105 1647 1342 1688 Poenorum
1360 1646 1493 1701 prima
1514 1645 1732 1700 eruptione

349 1705 529 1762 perculsi
557 1704 793 1745 ceciderant
813 1703 925 1744 haud
953 1703 1046 1758 plus
1067 1703 1375 1758 quadringenti,
1399 1702 1581 1742 Romani
1610 1701 1764 1757 quin-5

351 1762 561 1818 quaginta.
624 1760 764 1801 Imber
793 1761 1013 1801 continens
1048 1775 1122 1814 per
1152 1769 1319 1800 noctem
1352 1767 1481 1799 totam
1512 1773 1643 1813 usque
1680 1758 1734 1798 ad

349 1820 495 1860 horam
528 1818 690 1859 tertiam
721 1817 805 1857 diei
835 1817 1092 1871 insequentis
1123 1817 1281 1857 tenuit:
1315 1816 1468 1870 itaque,
1491 1824 1766 1869 quanquam6

350 1886 527 1931 utraque
548 1890 641 1931 pars
663 1873 773 1914 avidi
802 1873 1038 1914 certaminis
1066 1882 1197 1922 erant,
1221 1888 1270 1913 eo
1297 1872 1365 1912 die
1399 1880 1624 1912 tenuerunt
1645 1886 1733 1911 sese

350 1942 491 1974 tamen
513 1931 796 1973 munimentis.
860 1930 1005 1970 Tertio
1019 1929 1086 1970 die
1110 1929 1324 1970 Hannibal
1338 1937 1497 1983 partem
1519 1928 1733 1983 copiarum

349 1990 595 2046 praedatum
622 1989 667 2028 in
688 2002 831 2043 agrum
867 1986 1081 2027 Nolanum
1103 1986 1224 2027 misit.
1290 1985 1418 2033 Quod
1449 1985 1519 2025 ubi
1547 1984 1735 2024 animad-

349 2047 473 2087 vertit
502 2044 741 2093 Marcellus,
763 2044 974 2100 extemplo
996 2044 1039 2083 in
1071 2043 1202 2083 aciem
1224 2042 1362 2098 copias
1393 2041 1563 2090 eduxit3
1595 2056 1733 2096 neque
1750 2060 1788 2097 7v

352 2103 567 2145 Hannibal
599 2101 856 2143 detrectavit.
918 2100 1039 2141 Mille
1079 2100 1164 2140 fere
1204 2114 1400 2154 passuum
1440 2098 1550 2139 inter
1588 2099 1734 2139 urbem

197 686 267 724 44.

138 1094 317 1133 Oppugnat

137 1136 271 1168 Nolam.

384 2258 888 2298 2Ipsorzm1‚qua7nHannibalis]
899 2258 1021 2293 Quem-
1062 2258 1163 2295 syculi,
1189 2258 1326 2287 Romani
1352 2257 1605 2297 quinquaqinta]
1636 2256 1733 2295 Vulg.

351 2301 526 2330 admodum
558 2299 667 2330 Livius
700 2299 892 2338 particulam
922 2300 1022 2337 magyz's
1066 2300 1248 2330 ceciderunt
1265 2300 1354 2329 haud
1372 2301 1448 2338 plus
1470 2310 1565 2338 quam
1588 2300 1735 2337 triyinta,

352 2341 570 2381 comparativo
588 2352 817 2380 nonnunquam
833 2342 962 2377 addere,
977 2341 1022 2371 ita
1065 2342 1281 2371 Romanorum
1304 2343 1423 2371 nullus.
1468 2342 1620 2372 Ceterum
1647 2341 1736 2371 haud

352 2384 487 2414 eandem
506 2387 581 2414 ante
600 2393 709 2414 vocem
730 2394 826 2423 quam
844 2383 931 2413 haud
952 2393 1021 2413 raro

352 2426 499 2457 omittere
537 2426 628 2456 solet.
679 2426 719 2457 cf.
754 2425 825 2456 infr.
859 2436 934 2456 xxv.
971 2435 1020 2465 29·

352 2468 493 2498 Sruoru.

396 2519 413 2548 3
430 2512 521 2541 Inter
537 2510 669 2548 Capuae
681 2510 905 2548 Nuceriaeque
913 2510 1020 2547 fortu-

352 2553 443 2588 nam]
471 2562 511 2582 sc.
530 2552 645 2590 Capua
661 2555 775 2590 sponte
790 2551 919 2587 tradita,
935 2561 1020 2589 supr.

355 2600 382 2630 7.
414 2594 555 2623 Nuceria
568 2598 673 2632 capta,
686 2597 716 2623 et
730 2594 815 2623 fame
830 2592 1021 2632 adgdeditio«

352 2644 426 2663 nem
443 2636 610 2674 compulsa
625 2638 702 2665 erat..
727 2645 812 2674 supr.
833 2642 880 2674 15.

394 2685 413 2713 4
437 2678 530 2707 Fides
545 2678 671 2713 suerat,
689 2688 758 2707 sero
780 2677 860 2714 iam]
896 2677 1021 2714 Fuerit,

350 2727 455 2747 serum
479 2728 518 2747 ex
538 2719 671 2749 caniet-t.
689 2719 830 2749 Gronov.
847 2718 879 2748 in
895 2722 1021 2748 textum

351 2758 470 2796 recepit
490 2759 629 2789 Bekker.

395 2809 412 2838 5
437 2801 624 2831 C'ccz'derant
649 2802 738 2831 haud
763 2803 838 2840 plus
868 2803 1019 2841 quadrin-

1062 2384 1139 2422 plus
1153 2385 1380 2422 qua(lrz'1zyenti
1402 2383 1537 2413 coniecit
1556 2383 1735 2419 Drakenb..

1066 2428 1097 2454 et
1120 2426 1257 2455 Romani
1280 2427 1317 2455 L.
1334 2425 1399 2455 sive
1422 2426 1670 2465 quinquayinta,
1695 2434 1734 2454 ex

1066 2470 1171 2496 vetere
1188 2466 1326 2497 lectione
1341 2468 1477 2497 Romani
1494 2468 1584 2503 liber,
1599 2477 1681 2505 quae
1701 2466 1734 2496 in

1066 2509 1134 2538 cod.
1165 2509 1238 2539 Put.
1264 2512 1380 2545 exstat,
1404 2508 1544 2547 ascripta
1569 2518 1664 2547 super
1688 2518 1733 2538 se-

1066 2551 1203 2580 cundam
1227 2551 1352 2581 literam
1378 2551 1462 2581 vocis
1485 2551 1565 2581 liber
1589 2550 1681 2580 litera
1700 2561 1733 2587 n,

1066 2592 1189 2631 optima
1211 2592 1394 2622 emendatio
1417 2597 1476 2630 est,
1491 2602 1573 2631 quae
1589 2592 1732 2622 Gronov.

1065 2638 1097 2664 et
1113 2634 1250 2665 Crevier.
1268 2634 1399 2673 placuit.

1107 2675 1126 2706 6
1152 2678 1283 2714 Tenuit]
1311 2675 1459 2713 Duravit,
1481 2680 1516 2705 ut
1539 2686 1623 2714 supr.
1646 2674 1678 2705 ii.
1702 2683 1731 2713 3.

1066 2728 1109 2748 111.
1131 2728 1176 2758 19.

1110 2768 1125 2798 7
1149 2760 1265 2798 C'ape'as
1280 2760 1407 2797 erluwit]
1430 2760 1550 2790 Educ-it
1566 2758 1731 2789 Drakenb.

1066 2805 1097 2831 et
1116 2801 1253 2832 Bekker.
1271 2801 1400 2832 habent.
