1877 3178
124 212 167 243 U
184 212 221 243 C
245 211 340 251 540-‘
355 220 459 256 rum,
483 213 528 246 ut
553 204 729 245 militum
751 205 882 246 officio
902 205 1131 260 fungamur.

122 255 313 285 Α,.2021.

201 1059 222 1071 Η

207 1072 218 1098 l
229 1089 237 1097 .

125 1116 176 1144 Ad
193 1124 279 1144 sena-

124 1162 192 1186 tum
210 1156 307 1186 reiici-

123 1204 228 1229 untur.

125 1349 261 1378 Senatus
273 1358 316 1378 se-

127 1390 248 1421 veritas.

324 119 404 157 238
821 114 965 156 TITI
1008 112 1182 154 LIVII

1193 202 1358 244 Bellum
1379 203 1421 243 in
1449 203 1587 245 Sicilia
1607 204 1687 244 iam

329 268 340 286 ⁶
356 263 528 304 alterum
557 277 711 303 annum
741 261 900 317 ingenti
930 261 1193 302 dimicatione
1223 260 1401 314 geritur:
1444 262 1562 302 urbes
1592 261 1688 302 alias

329 320 531 368 ‘Poenus,
549 319 599 360 ali
604 334 646 359 as
669 319 881 360 Romanus
895 327 1127 374 expugnat.
1160 317 1361 381 peditum,
1380 318 1567 373 equitum
1583 318 1690 358 acies

329 383 623 417 ⁶:concurrunt
658 376 710 416 ad
740 375 957 432 Syracusas
982 384 1087 416 terra
1109 389 1292 429 mamque
1313 389 1376 414 res
1399 374 1575 429 geritur:
1608 375 1690 416 cla-

329 440 507 474 ⁶morem
529 433 803 488 pugnantium
831 434 1115 488 crepitumque
1137 446 1342 472 armorum
1364 431 1607 471 exaudimus
1626 446 1690 471 re-

329 496 340 514 ‘
357 491 494 531 511105
485 506 561 546 lpSl
583 506 629 531 ac
650 505 807 545 segnes,
823 499 1018 544 tanquam
1040 504 1115 530 nec
1136 503 1294 537 manus,
1311 503 1387 528 nec
1409 503 1521 528 arma
1540 488 1691 528 habea-

329 547 735 588 ‘n1us.Servmum
760 547 990 602 legionibus
1018 546 1082 587 Ti.
1105 545 1369 610 Semplonius
1397 545 1540 586 consul
1571 545 1691 585 toties

329 605 433 644 ‘iam
455 620 549 645 cum
574 604 689 645 hoste
715 604 841 659 signis
868 603 1023 644 collatis
1049 603 1259 659 pugnavit.
1323 602 1484 657 Operae
1512 602 1691 657 pretium

329 661 518 710 ‘habent,
558 661 790 702 libertatem
822 661 1124 715 civitatemque.
1186 660 1266 700 Pro
1300 659 1424 700 5011115
1457 659 1600 699 saltem
1640 658 1692 698 ad

330 725 341 742 ⁶
353 719 431 759 hoc
452 693 607 759 bellum
623 718 771 773 emptis
787 718 901 758 vobis
915 718 1062 758 simus:
1096 716 1291 772 congredi
1308 731 1401 756 cum
1423 716 1539 756 hoste
1556 715 1690 764 liceat,

330 782 395 816 ‘et
414 775 640 840 pugnando
661 790 857 829 quaeiere
879 774 981 815 liber
984 782 1119 815 tatem.
1183 774 1258 815 Vis
1280 781 1325 813 tu
1353 773 1468 822 mari,
1490 773 1550 813 vis
1571 780 1690 821 terra,

329 832 413 873 ‘vis
438 832 536 881 acie,
559 847 618 872 vis
646 832 814 872 uibibus
839 831 1126 886 oppugnandis
1154 830 1337 889 expessri
1358 830 1581 870 viltutem‘?
1612 829 1693 869 As-

329 889 532 945 ‘periima
546 904 763 944 quaeque
751 888 803 928 ad
816 888 995 929 laborem
1012 888 1324 952 periculumque
1334 885 1614 942 deposcimus,
1632 895 1691 935 ut,

329 946 466 1010 ‘quod
487 946 538 986 ad
563 945 729 986 Cannas
749 945 986 985 faciundum
1007 945 1097 994 fuit,
1119 960 1243 1000 quam
1264 944 1442 999 primum
1463 943 1557 992 fiat3
1590 958 1693 998 quo·-

330 1009 342 1027 ‘
357 1003 480 1067 niam,
504 1002 703 1057 quicquid
723 1010 865 1057 postea
884 1002 1072 1050 viximus,
1095 1002 1136 1042 id
1166 1016 1286 1042 omne
1308 1000 1586 1041 destinatum
1576 1015 1693 1055 igno-

331 1065 342 1083 (
355 1060 505 1099 miniae
527 1059 612 1099 est?
674 1058 759 1099 Sub
776 1058 876 1098 haec
897 1058 1007 1098 dicta
1027 1058 1079 1098 ad
1099 1074 1235 1113 genua
1257 1057 1444 1098 Marcelli
1465 1058 1694 1112 procubue-

329 1124 436 1156 runt.
501 1114 722 1156 Marcellus
760 1115 804 1154 id
843 1129 919 1154 nec
959 1115 1069 1163 iuris,
1111 1130 1187 1155 nec
1226 1114 1438 1170 potestatis
1472 1129 1566 1154 suae
1607 1129 1693 1154 esse

329 1173 447 1213 dixit.
512 1171 681 1212 Senatui
706 1172 950 1227 scripturum
976 1186 1031 1220 se,
1057 1171 1276 1226 omniaque
1308 1170 1359 1211 de
1390 1170 1593 1211 sententia
1616 1170 1696 1211 Pa-

330 1239 438 1270 tium
459 1229 482 1268 f
476 1237 662 1269 1011111101
683 1243 780 1269 esse.
844 1227 936 1268 Hae
958 1228 1098 1268 literae
1115 1228 1167 1268 ad
1188 1243 1314 1268 novos
1335 1226 1522 1268 consules
1538 1227 1695 1276 allatae,

329 1302 375 1327 ac
405 1301 479 1342 per
509 1301 578 1326 005
608 1286 650 1325 111
682 1293 826 1326 senatu
856 1285 1047 1325 iecitatae
1078 1293 1195 1325 sunt:
1229 1283 1521 1339 consultusque
1551 1283 1603 1324 de
1633 1283 1697 1324 his

329 1343 481 1384 literis
472 1352 529 1383 ita
549 1342 730 1383 (1011ον11
750 1352 935 1383 senatus:
970 1348 982 1365 ⁶
995 1342 1214 1391 Militibus,
1232 1342 1303 1397 qui
1324 1341 1376 1382 ad
1400 1341 1565 1382 Cannas
1585 1356 1699 1382 com-

332 1406 342 1424 ⁶
356 1400 562 1440 militones
609 1414 703 1440 suos
749 1409 980 1455 pugnantes
1029 1399 1317 1448 desciuissent,
1358 1407 1546 1439 senatum
1592 1397 1697 1438 nihil

332 1457 508 1505 ‘videre,
542 1471 614 1496 cur
648 1457 877 1511 respublica
907 1456 1203 1497 committenda
1232 1456 1294 1496 sit.
1359 1455 1401 1496 Si
1438 1455 1498 1496 M.
1520 1454 1697 1495 Claudio

333 1519 344 1537 ⁶
356 1513 589 1569 proconsuli
611 1513 728 1553 aliter
753 1513 974 1562 videretur,
996 1514 1160 1562 faceret,
1183 1513 1295 1568 quod
1323 1528 1344 1553 0
1366 1512 1575 1568 republica
1594 1512 1698 1553 fide-

333 1576 345 1594 ⁶
358 1586 438 1625 que
461 1585 533 1610 sua
554 1570 739 1610 duceret:
773 1570 872 1610 dum
894 1585 945 1611 ne
968 1571 1060 1625 quis
1077 1585 1219 1610 corum
1240 1585 1408 1610 munere
1425 1577 1597 1618 vacaret,
1615 1580 1729 1610 neu4

334 1627 466 1667 ‘dono
488 1626 652 1666 militari
671 1626 832 1666 virtutis
853 1641 950 1682 ergo
966 1627 1200 1675 donaretur,
1216 1642 1296 1667 neu
1319 1627 1361 1667 in
1384 1627 1542 1667 Italiam
1559 1641 1698 1682 repor-

333 1690 345 1708 ⁶
361 1692 527 1732 taretur,
550 1683 682 1723 donec
703 1683 830 1723 hostis
850 1683 894 1723 in
915 1691 1022 1723 terra
1042 1683 1162 1723 Italia
1182 1685 1312 1724 esset.⁷

392 1740 574 1781 Comitia
594 1740 744 1781 deinde
773 1755 796 1780 a
822 1749 1008 1795 praetore
1038 1741 1193 1780 urbano
1221 1740 1272 1780 de
1301 1749 1464 1780 senatus
1492 1740 1698 1780 sententia

332 1797 545 1853 plebisque
575 1797 681 1837 scitu
710 1806 806 1837 sunt
835 1796 998 1837 habita:
1032 1797 1181 1851 quibus
1211 1798 1336 1837 creati
1368 1806 1463 1836 sunt
1493 1797 1698 1851 quinque-

333 1855 409 1894 viri
440 1854 565 1894 muris
593 1854 852 1908 turribusque
881 1853 1139 1894 reficiendis:
1173 1862 1214 1894 et
1246 1853 1445 1893 triumviri
1478 1853 1590 1901 bini,
1624 1854 1696 1893 uni

333 1911 455 1952 sacris
476 1910 767 1966 conquirendis
783 1910 984 1965 donisque
1000 1910 1301 1965 persignandis3
1334 1910 1449 1950 alteri
1465 1910 1696 1950 reficiendis
1711 1919 1727 1949 5

334 1968 503 2009 aedibus
524 1968 729 2008 Fortunae
752 1975 793 2008 et
813 1968 951 2007 matris
973 1967 1160 2009 Matutae
1182 1967 1289 2008 intra
1312 1976 1471 2022 portam
1495 1966 1697 2007 Carmen-

334 2025 469 2074 talem,
492 2025 565 2066 sed
585 2032 626 2064 et
650 2024 747 2079 Spei
768 2032 883 2065 extra
903 2032 1073 2080 portam,
1096 2039 1200 2079 quae
1222 2025 1354 2079 priore
1376 2038 1485 2064 anno
1506 2024 1698 2064 incendio

333 2090 599 2137 consumptae
620 2081 793 2121 fuerant.
1711 2088 1731 2120 6

392 2139 675 2194 Tempestates
706 2138 850 2179 foedae
883 2138 1007 2179 fuere.

334 2196 595 2236 continenter
621 2195 825 2250 lapidibus
852 2195 967 2250 pluit.

335 2252 378 2292 in
412 2252 619 2307 Capitolio
650 2252 795 2292 aedes:

378 2461 396 2486 4
419 2451 505 2479 Dum
528 2460 567 2480 ne
589 2451 659 2489 quis
677 2460 783 2480 eorum
799 2460 929 2481 munere
944 2461 995 2479 να-

336 2493 437 2528 careti]
463 2493 590 2522 flsmms
613 2492 664 2521 hic
687 2496 733 2521 est
752 2502 830 2521 onus
850 2492 997 2529 militare,

337 2534 430 2570 quale
453 2537 510 2570 est,
534 2534 665 2572 lignum,
689 2535 828 2571 foenum,
849 2538 997 2571 stramen,

338 2585 452 2612 aquam
482 2575 512 2604 in
544 2580 645 2605 castra
676 2580 810 2614 portare,
837 2581 895 2606 etc.
956 2577 999 2606 Iis

339 2620 444 2645 autem
459 2617 604 2647 oneribus
619 2628 726 2648 vacare
739 2619 925 2656 quibusdam
942 2619 998 2647 mi-

341 2656 447 2686 litibus
477 2659 598 2689 viltutis
628 2670 678 2698 erg,
671 2670 699 2689 ro
729 2661 871 2691 dabatur.
930 2661 999 2690 Has

341 2698 393 2727 eti
396 2709 437 2727 1111
454 2709 478 2728 1
474 2710 518 2728 .’ιο
511 2700 631 2731 »tiones
654 2702 812 2732 interdum
831 2702 954 2741 pecuni
947 2714 965 2732 1
980 2713 999 2732 a

341 2749 411 2768 0011
402 2740 575 2771 inionibus
610 2743 762 2773 redimeie
797 2744 904 2774 solitos
933 2755 980 2774 055
975 2755 999 2774 0

342 2780 457 2810 milites
473 2782 564 2812 docet
580 2783 657 2815 Τ1(
675 2786 756 2815 Anu.
776 2786 793 2815 i.
815 2794 860 2824 17
877 2790 906 2815 et
923 2786 998 2815 alibi

341 2822 473 2860 saepius.
497 2824 599 2853 (mex

1070 2137 1119 2178 In
1151 2138 1315 2179 Albano
1349 2146 1488 2178 monte
1523 2137 1699 2178 biduum

1030 2195 1160 2235 Tacta
1183 2195 1234 2235 de
1263 2195 1376 2235 coelo
1405 2194 1559 2235 multa:
1592 2194 1697 2234 duae

834 2252 984 2292 vallum
1020 2252 1062 2291 in
1099 2252 1236 2292 castris
1271 2251 1410 2292 multis
1445 2251 1543 2291 10015
1578 2265 1700 2306 supra

338 2308 583 2357 Suessulam,
620 2317 661 2349 et
697 2309 780 2349 (luo
816 2308 957 2363 vigiles
994 2309 1226 2349 exanimati.

1303 2308 1451 2348 Murus
1487 2317 1698 2363 turresque

1081 2461 1097 2489 5
1114 2452 1220 2481 Sacris
1232 2453 1453 2490 conquirendis
1468 2452 1616 2490 donisque
1627 2461 1699 2489 per-

1040 2494 1220 2531 siynandis]
1255 2493 1486 2532 Conquirendis
1501 2493 1604 2529 sacris,
1620 2502 1701 2530 quae

1041 2535 1166 2564 fuerant
1192 2535 1223 2564 111
1249 2535 1379 2564 aedibus
1406 2536 1445 2565 (10
1471 2535 1584 2573 quihus
1609 2534 1700 2571 infra,

1042 2578 1145 2615 priore
1160 2587 1242 2606 auno
1258 2577 1403 2606 incendio
1418 2576 1603 2615 absumptis.
1637 2578 1699 2606 Do-

1042 2621 1092 2649 ¹nis
1110 2620 1345 2657 persifflzmzdis,
1360 2619 1391 2648 id
1408 2623 1465 2655 est,
1480 2628 1699 2657 recognoscen-

1042 2661 1090 2690 dis
1115 2665 1146 2690 et
1169 2661 1199 2690 iu
1223 2661 1347 2691 tabulas
1370 2661 1512 2699 publicas
1533 2658 1700 2690 referendis

1043 2703 1144 2739 donis,
1160 2713 1240 2741 quac
1257 2704 1427 2733 eorundem
1449 2703 1639 2741 templorum
1654 2701 1698 2729 fo-

1043 2749 1120 2775 ient.
1145 2745 1248 2775 Cmav.

1083 2786 1102 2815 6
1126 2787 1334 2825 Consmnptae
1353 2787 1507 2823 fuerans]
1545 2784 1582 2813 cf.
1607 2783 1697 2821 Supr.

1043 2838 1124 2857 xxlv.
1143 2836 1191 2865 47.
