1825 3173
110 213 154 244 U.
172 213 209 244 C.
227 221 298 252 534.

109 256 148 286 A.
172 256 209 286 C.
228 255 298 285 218.

112 836 245 867 Traiicit

107 878 317 911 Rhodanum.

179 1340 245 1377 28.

321 119 376 156 24

837 116 984 157 TITI
1024 115 1201 157 LIVH

325 213 440 261 tergo
460 204 635 246 hostem.
698 204 769 246 Ad
790 205 834 246 id
855 206 941 246 dati
961 206 1088 246 duces
1112 205 1224 246 Galli
1246 203 1436 251 edocent,
1459 203 1556 244 inde
1579 202 1709 244 millia
1724 223 1736 244 1

325 263 513 318 quinque
535 270 578 303 et
597 262 746 318 viginti
761 262 889 303 ferme
911 278 1047 318 supra,
1064 277 1213 318 parvae
1234 260 1393 301 insulae
1411 260 1709 301 circumfusum

326 334 505 368 amnem,
528 318 728 368 latiorem,
751 320 823 360 ubi
851 319 1126 368 dividebatur,
1149 334 1281 374 eoque
1311 318 1448 357 minus
1473 316 1556 357 alto
1576 317 1707 365 alveo,

326 376 546 417 transitum
587 376 816 416 ostendere.
881 376 946 416 Ibi
977 376 1127 431 raptim
1158 391 1274 416 caesa
1305 374 1477 414 materia
1515 382 1708 428 ratesque

325 432 558 481 fabricatae,
577 433 621 472 in
642 433 793 487 quibus
814 433 912 488 equi
928 433 1088 488 virique
1107 442 1149 473 et
1165 432 1244 472 alia
1259 447 1386 472 onera
1407 430 1705 471 traiicerentur.

328 489 507 544 Hispani
529 489 616 529 sine
644 489 729 529 ulla
756 489 877 538 mole,
901 490 944 529 in
973 500 1086 530 utres
1113 488 1370 529 vestimentis
1395 487 1606 536 coniectis,
1629 486 1738 542 ipsi2

327 547 475 586 caetris
505 546 727 601 suppositis
757 546 1014 595 incubantes,
1041 547 1198 586 flumen
1230 555 1454 586 tranavere.
1518 543 1575 584 Et
1605 543 1709 584 alius

327 603 546 651 exercitus,
578 603 733 643 ratibus
773 603 926 643 iunctis
966 604 1173 651 traiectus,
1206 602 1346 643 castris
1386 616 1514 657 prope
1551 601 1709 641 flumen

326 660 481 714 positis,
505 668 709 700 nocturno
739 659 888 699 itinere
918 668 1044 714 atque
1073 660 1207 715 operis
1234 659 1373 699 labore
1402 658 1542 706 fessus,
1566 657 1708 712 quiete

327 716 450 756 unius
481 716 565 756 diei
596 716 791 764 refieitur,
815 716 976 757 intento
1008 717 1114 756 duce
1146 716 1198 756 ad
1229 715 1448 756 consilium
1474 723 1707 769 opportune

327 772 655 827 exsequendum.
719 773 892 813 Postero
913 773 994 821 die,
1012 773 1187 828 profecti
1208 788 1261 813 ex
1282 772 1386 821 loco,
1409 772 1573 827 prodito
1594 771 1708 811 fumo
1722 791 1740 821 3

328 829 576 884 significant,
599 844 640 869 se
670 830 874 878 transisse,
898 838 940 870 et
967 830 1079 870 haud
1106 829 1250 885 procul
1272 830 1422 869 abesse.
1489 827 1617 875 Quod
1638 827 1711 867 ubi

329 886 490 941 accepit
510 885 738 935 Hannibal,
761 902 813 926 ne
844 887 1020 942 tempori
1048 886 1222 935 deesset,
1245 886 1316 926 dat
1337 886 1500 941 signum
1523 885 1576 925 ad
1598 884 1711 924 traii-

328 943 535 983 ciendum.
597 942 687 983 Iam
718 951 878 998 paratas
909 952 1151 998 aptatasque
1183 943 1364 983 habebat
1383 943 1511 998 pedes
1540 941 1742 990 lintres:4

327 1000 489 1055 equites
510 999 595 1040 fere
616 1009 786 1055 propter
814 1015 943 1055 equos
971 1008 1117 1040 nantes
1147 1000 1315 1040 navium
1337 1014 1500 1054 agmen,
1523 998 1577 1038 ad
1597 997 1711 1038 exci-
1723 1016 1740 1048 5

327 1056 529 1111 piendum
557 1056 718 1096 adversi
746 1057 949 1111 impetum
977 1057 1172 1105 fluminis,
1195 1065 1311 1112 parte
1340 1056 1549 1111 superiore
1578 1063 1711 1096 trans-

328 1113 511 1161 mittens,
534 1113 877 1167 tranquillitatem
908 1113 1014 1153 infra
1042 1113 1342 1153 traiicientibus
1367 1113 1561 1153 lintribus
1591 1127 1712 1167 prae-

328 1169 461 1209 bebat.
526 1169 742 1224 Equorum
765 1184 856 1224 pars
878 1184 1029 1224 magna
1055 1178 1204 1209 nantes
1231 1169 1328 1209 loris
1350 1185 1373 1209 a
1392 1169 1603 1224 puppibus
1629 1177 1711 1209 tra-

326 1225 545 1274 hebantur,
578 1235 741 1280 praeter
771 1240 853 1273 eos,
886 1241 990 1280 quos
1027 1227 1218 1266 instratos
1248 1226 1527 1280 frenatosque,
1560 1235 1606 1265 ut
1637 1240 1711 1266 ex—

328 1282 483 1337 templo
504 1297 667 1337 egresso
688 1283 732 1322 in
753 1282 886 1336 ripam
914 1283 1045 1337 equiti
1069 1282 1161 1322 usui
1190 1290 1339 1331 essent,
1362 1283 1645 1337 imposuerant
1666 1282 1711 1322 in

325 1353 461 1378 naves.
541 1338 654 1378 Galli
690 1348 905 1379 occursant
941 1339 985 1378 in
1021 1339 1151 1394 ripam
1189 1354 1283 1379 cum
1324 1339 1446 1379 variis
1486 1338 1712 1379 ululatibus

325 1403 534 1449 cantuque
564 1395 688 1435 moris
716 1395 792 1443 sui,
815 1395 1050 1449 quatientes
1079 1404 1195 1436 scuta
1222 1411 1346 1450 super
1374 1396 1522 1451 capita,
1546 1396 1712 1436 vibran-

326 1460 471 1506 tesque
493 1451 650 1491 dextris
672 1451 775 1491 tela:
811 1467 1050 1506 quanquam
1069 1460 1109 1492 ct
1131 1467 1184 1492 ex
1206 1452 1376 1493 adverso
1395 1453 1577 1492 terrebat
1597 1460 1711 1493 tanta

324 1508 385 1548 vis
415 1508 583 1548 navium
615 1523 710 1548 eum
750 1508 911 1563 ingenti
948 1524 1049 1549 sono
1080 1509 1263 1548 fluminis
1294 1517 1336 1549 ct
1376 1508 1555 1549 clamore
1597 1509 1709 1549 vario

326 1573 547 1605 nautarum
568 1573 609 1604 et
630 1564 823 1613 militum,
847 1565 918 1619 qui
946 1565 1187 1605 nitebantur
1214 1580 1482 1621 perrumpere
1504 1566 1710 1621 impetum

325 1622 520 1670 fluminis,
542 1630 584 1661 et
605 1621 677 1676 qui
699 1636 750 1661 cx
772 1621 899 1662 altera
919 1622 1010 1677 ripa
1035 1622 1287 1662 traiicientcs
1309 1638 1402 1663 suos
1424 1622 1706 1663 hortabantur.

326 1677 415 1718 Iam
449 1678 544 1718 satis
584 1686 782 1733 paventes
814 1679 985 1719 adverso
1023 1679 1205 1719 tumultu
1239 1680 1462 1719 terribilior
1501 1680 1552 1719 ab
1593 1687 1710 1735 tergo

325 1734 494 1774 adortus
525 1734 691 1783 clamor,
714 1735 854 1775 eastris
885 1736 935 1775 ab
968 1735 1179 1776 Hannone
1211 1736 1352 1791 captis.
1416 1735 1523 1777 Mox
1549 1745 1592 1776 et
1621 1737 1708 1792 ipse

325 1791 479 1840 aderat,
502 1806 737 1846 ancepsque
761 1801 890 1832 terror
911 1792 1213 1841 circumstabat,
1233 1802 1275 1833 et
1295 1808 1317 1832 e
1339 1793 1513 1833 navibus
1534 1801 1650 1834 tanta
1669 1793 1710 1833 vi

325 1857 575 1888 armatorum
596 1849 640 1888 in
663 1857 813 1888 terram
842 1849 1058 1898 evadente,
1082 1858 1124 1890 et
1152 1850 1203 1890 ab
1233 1859 1349 1904 tergo
1375 1850 1597 1905 improvisa
1616 1865 1710 1905 pre-

326 1913 465 1945 mente
488 1905 587 1945 acie.
653 1904 777 1953 Galli,
800 1914 1034 1960 postquam,
1059 1906 1166 1946 ultro
1187 1906 1271 1947 vim
1292 1907 1426 1947 facere
1448 1908 1599 1956 conati,
1621 1907 1741 1962 pel-6

324 1961 528 2011 lebantur,
552 1977 634 2017 qua
655 1970 794 2017 patere
824 1963 956 2003 visum
986 1963 1166 2004 maxime
1196 1964 1286 2012 iter,
1309 1972 1597 2020 perrumpunt,
1628 1972 1710 2005 tre-

372 2111 382 2129 1
410 2102 520 2130 Millm
547 2103 687 2141 quinque
713 2106 742 2131 el
771 2102 900 2140 riyinli]
934 2102 994 2131 Po·
1036 2108 1132 2141 purte
1154 2105 1372 2133 transmittens
1395 2105 1526 2143 equites,
1552 2103 1606 2143 qui
1622 2105 1709 2141 sere,

327 2142 449 2181 lybiuni
471 2143 514 2172 iii.
536 2153 585 2181 42.
608 2153 713 2181 presso
735 2143 866 2181 vestigio
890 2148 996 2173 noster
1040 2144 1105 2173 sive
1128 2155 1262 2183 quorum
1288 2146 1432 2183 plerique
1456 2149 1544 2175 erant
1568 2151 1709 2186 propter,

327 2184 479 2222 sequitur,
496 2185 614 2223 quippe
631 2185 717 2214 illius
733 2183 871 2213 διακόσια
887 2183 996 2214 στάδια
1040 2196 1095 2215 seu
1116 2196 1216 2225 prope
1236 2198 1330 2226 equos
1351 2193 1475 2221 nantes,
1491 2189 1707 2227 tranquillita-

326 2226 367 2255 ad
390 2226 542 2255 amussim
568 2236 701 2255 numero
726 2227 859 2256 Liviano
883 2237 995 2257 conve-
1041 2232 1098 2257 tem
1112 2230 1287 2266 praebebat
1307 2230 1457 2259 lintribus
1477 2230 1567 2266 infra
1588 2231 1708 2260 traiici-

327 2268 428 2297 niunt.
454 2268 593 2298 Srnoru.
1038 2271 1172 2300 entibus.
1216 2270 1315 2300 Addit
1333 2281 1441 2300 vocem
1451 2272 1538 2309 few,
1554 2271 1628 2309 quia
1644 2282 1707 2302 non

370 2319 386 2339 2
409 2312 487 2340 Sine
503 2311 569 2339 ulla
585 2311 680 2347 mole]
700 2309 774 2340 Sine
791 2311 858 2339 ullo
874 2310 994 2340 maiore

326 2356 495 2391 apparatu.

369 2403 385 2431 3
410 2395 552 2431 Profecti
579 2405 619 2424 ea·
643 2395 717 2430 loco,
737 2395 863 2432 prodito
879 2395 990 2432 fumo]

325 2436 479 2473 Profecti,
505 2447 544 2466 etr
570 2437 632 2465 loco
657 2437 738 2466 edito
754 2437 849 2473 famo
871 2437 991 2474 sigymfi-

324 2483 411 2514 cant,
427 2488 520 2516 quam
544 2478 715 2507 lectionem
737 2477 872 2507 coniecit
892 2478 990 2508 Cleri-

325 2530 391 2556 cus,
407 2521 542 2557 probant
561 2520 695 2557 Rupert.
713 2523 744 2549 et
760 2520 878 2549 Stroth.

368 2572 387 2597 4
403 2563 545 2599 Lintres]
564 2562 625 2590 Per
635 2563 746 2591 lintres
762 2561 911 2599 intelligit
922 2572 990 2591 nos-

324 2606 373 2631 ter
388 2602 427 2631 τὰ
441 2602 593 2639 μονόξυλα
607 2604 710 2639 πλοῖα,
727 2608 758 2633 et
781 2613 838 2642 per
861 2605 992 2633 navium

324 2654 435 2681 Hymen
447 2644 565 2673 maiora
577 2655 616 2673 na
622 2645 725 2681 vigim«
730 2656 801 2683 piae
812 2647 922 2675 lembos
935 2656 989 2684 ap-

324 2686 425 2723 pellat
444 2685 555 2723 Polyb.
572 2685 613 2715 iii.
632 2695 680 2723 43.

366 2735 382 2765 5
406 2728 541 2766 Equites
551 2728 625 2764 fere
640 2733 772 2767 propfer
792 2740 886 2768 equos
906 2741 985 2759 nan-

1039 2321 1149 2341 omnes
1183 2312 1306 2350 equites
1339 2323 1439 2351 prope
1476 2324 1509 2342 se
1544 2313 1707 2344 habebant

1039 2363 1136 2391 equos
1173 2358 1295 2384 nantes
1342 2354 1518 2393 Siquidem,
1552 2359 1588 2385 ut
1624 2356 1708 2386 infra

1038 2399 1244 2433 memoratur,
1274 2396 1397 2435 aliquot
1428 2407 1526 2436 equos
1556 2397 1707 2428 instratos

1037 2437 1240 2475 frenatosque
1273 2437 1305 2467 in
1343 2449 1440 2468 naves
1476 2439 1705 2478 imposuerant.

1037 2479 1141 2509 CREV.

1079 2520 1098 2550 6
1132 2523 1318 2560 Postquam,
1355 2524 1440 2553 ullo-0
1476 2525 1540 2553 vim
1570 2525 1701 2562 facere]

1035 2564 1208 2602 Postquam
1232 2569 1376 2604 utroque,
1397 2565 1429 2594 id
1454 2569 1511 2603 est,
1530 2566 1563 2595 in
1586 2569 1704 2596 utram-

1037 2614 1099 2642 que
1120 2609 1255 2643 partem,
1271 2610 1339 2635 tum
1362 2607 1393 2636 111
1416 2617 1468 2637 eos
1485 2607 1537 2646 qui
1554 2618 1573 2637 a
1589 2608 1703 2646 fronte,

1034 2650 1103 2675 tum
1124 2647 1155 2676 in
1178 2657 1231 2677 eos
1247 2648 1299 2686 qui
1321 2659 1340 2677 a
1360 2652 1447 2688 tergo
1467 2649 1703 2687 adoriebantur,

1035 2690 1097 2718 rim
1119 2690 1234 2726 fitcere
1264 2693 1379 2727 conati,
1406 2692 1622 2729 pellebantur,
1652 2702 1702 2721 co-

1030 2731 1133 2760 dicem
1151 2732 1302 2762 Cantabr.
1315 2735 1452 2769 secutus,
1463 2742 1536 2762 cum
1554 2733 1701 2772 Ruperto

321 2770 382 2805 fes]
407 2770 550 2799 Navium
573 2780 685 2807 cymen
710 2773 874 2808 superiore
898 2772 984 2801 fluvii
1030 2772 1172 2810 reposuit
1188 2773 1306 2804 Stroth.
