1877 3178
375 85 453 123 182
873 83 1021 126 TITI
1064 84 1244 126 LIVII

167 177 209 207 U.
226 177 264 208 C.
287 185 359 216 537.
374 176 384 194 ‘
399 171 485 211 veri
516 171 581 220 sit,
604 171 721 221 scire,
744 181 791 213 ut
820 187 873 214 ex
904 188 968 223 eo,
991 182 1128 214 utram
1158 189 1275 229 spem
1300 183 1510 230 sequatur,
1538 176 1757 217 consilium
1772 190 1789 220 3

164 220 203 250 Α·
228 220 265 251 C·
289 228 360 259 ²¹5·
374 234 385 252 ⁶
399 228 559 284 capiat.'
620 228 815 278 Romani,
834 236 845 253 ⁶
858 245 989 286 quum
1011 231 1116 271 serio
1132 230 1361 287 legationes
1382 232 1524 273 audire
1541 233 1757 289 coepisset,

374 285 607 326 ‘redituros
642 302 684 327 se
725 286 779 327 ad
808 289 923 328 eum'
955 287 1141 329 dieentes
1174 289 1311 338 ‘esse,⁷
1341 289 1501 330 monito
1531 291 1662 345 magis
1693 305 1756 340 eo,

374 358 500 398 quam
540 352 696 399 rogato,
739 359 791 385 ne
831 345 959 385 fidem
1000 354 1155 386 temere
1196 354 1388 395 mutaret,
1425 347 1755 401 proficiscuntur.

374 399 660 457 Hieronymus
680 401 837 457 legatos
861 401 1159 457 Carthaginem
1182 403 1294 443 misit
1315 403 1368 443 ad
1387 403 1534 444 foedus
1555 419 1608 444 ex
1628 404 1789 451 socie-4

162 464 290 512 Foedus
374 465 456 498 tate
480 473 575 498 cum
595 457 833 500 Hannibale
855 459 1104 500 faciendum.
1167 460 1297 501 Paeto
1319 461 1526 510 convenit,
1544 469 1603 509 ut,
1626 476 1758 516 quum

163 517 231 579 ἵζω
247 518 320 567 qum
375 513 587 555 Romanos
612 514 752 557 Sicilia
779 516 1046 572 expulissent,
1069 517 1132 572 (id
1154 526 1293 558 autem
1318 518 1432 558 brevi
1453 517 1552 566 fore,
1574 517 1607 558 si
1632 532 1758 558 naves

195 560 292 582 ⁰⁶³¹¹¹⁵⁶
372 581 497 626 atque
523 573 751 613 exereitum
775 574 1001 629 misissent)
1025 574 1200 615 Himera
1227 574 1372 623 amnis,
1395 575 1469 630 qui
1489 575 1618 615 ferme
1643 575 1758 615 insu-

371 628 453 668 lam
475 628 638 679 dividit,
660 630 755 671 finis
782 632 899 686 regni
925 631 1171 687 Syracusani
1202 647 1249 672 ac
1271 632 1422 672 Punici
1443 632 1607 687 imperii
1637 640 1754 673 esset.

372 685 514 726 Aliam
535 686 701 737 deinde,
716 688 882 728 inflatus
913 689 1258 729 assentationibus
1279 704 1436 738 eorum,
1460 689 1533 744 qui
1554 704 1649 729 eum
1671 704 1757 730 non

373 742 571 784 Hieronis
593 752 768 794 tantum,
790 745 863 785 sed
884 745 1036 801 Pyrrhi
1057 746 1182 786 etiam
1203 746 1323 802 regis,
1342 746 1518 787 materni
1539 746 1616 795 avi,
1639 745 1757 787 iube·
1770 758 1786 789 5

371 800 471 840 bant
503 801 754 851 meminisse,
785 801 1036 857 legationem
1068 803 1191 852 misit,
1224 819 1307 858 qua
1336 818 1517 858 aequum
1548 803 1756 852 censebat,

375 856 515 898 Sicilia
544 858 621 898 sibi
652 860 766 899 omni
788 859 905 900 cedi:
950 859 1094 900 Italiae
1123 860 1346 915 imperium
1376 860 1591 916 proprium
1612 860 1756 914 quaeri

374 913 713 970 Carthaginiensi
752 916 919 971 populo.
989 916 1111 958 Hanc
1152 916 1362 958 levitatem
1403 933 1449 958 ac
1490 917 1756 958 iactationem

371 971 498 1011 animi
515 987 653 1026 neque
668 973 925 1013 mirabantur
939 973 984 1013 in
1004 974 1154 1014 iuvene
1171 974 1339 1023 furioso,
1353 989 1491 1030 neque
1513 974 1755 1030 arguebant,

371 1027 599 1069 dummodo
620 1038 854 1070 averterent
875 1045 972 1070 eum
994 1031 1044 1071 ab
1068 1031 1280 1071 Romanis.

247 1093 277 1118 Δ·
431 1084 515 1125 Sed
535 1085 676 1125 omnia
703 1086 747 1125 in
775 1101 824 1126 eo
845 1087 1087 1142 praecipitia
1114 1087 1166 1127 ad
1195 1088 1371 1128 exitium
1397 1088 1579 1129 fuerunt.
1643 1087 1756 1128 Nam

371 1156 514 1195 quum,
549 1142 783 1196 praemissis
824 1142 1082 1198 Hippocrate
1119 1153 1244 1199 atque
1287 1144 1476 1200 Epicyde
1517 1160 1613 1185 cum
1647 1145 1756 1186 binis

370 1197 552 1238 millibus
592 1208 843 1239 armatorum
884 1200 936 1240 ad
971 1201 1191 1241 tentandas
1226 1202 1362 1250 urbes,
1399 1217 1506 1256 quae
1542 1202 1756 1256 praesidiis

371 1255 622 1296 tenebantur
644 1256 858 1305 Romanis,
877 1265 919 1297 ct
940 1257 1026 1312 ipse
1048 1258 1092 1297 in
1115 1258 1347 1298 Leontinos
1368 1273 1464 1299 eum
1486 1269 1625 1299 cetero
1642 1259 1756 1299 omni

370 1312 557 1353 exercitu
577 1313 716 1367 (erant
746 1322 885 1354 autem
917 1314 969 1354 ad
992 1315 1233 1369 quindecim
1265 1315 1394 1356 millia
1420 1316 1610 1371 peditum
1638 1316 1757 1371 equi-

373 1370 566 1424 tumque)
587 1370 797 1425 profectus
819 1381 947 1419 esset3
981 1371 1130 1412 liberas
1156 1372 1279 1413 aedes
1304 1373 1507 1413 coniurati
1529 1372 1591 1427 (et
1612 1359 1788 1441 omnes?

369 1425 474 1465 forte
497 1426 750 1481 militabant)
767 1427 1033 1469 imminentes
1054 1429 1142 1470 viae
1165 1438 1376 1485 angustae,
1399 1445 1482 1485 qua
1503 1429 1754 1470 descendere

370 1482 423 1522 ad
455 1482 590 1522 forum
624 1498 696 1524 rex
737 1484 906 1533 solebat,
942 1495 1219 1541 sumpserunt.
1284 1486 1360 1536 Ibi,
1399 1502 1529 1542 quum
1564 1487 1755 1527 instructi

368 1539 597 1594 armatique
620 1541 747 1580 ceteri
771 1542 986 1582 transitum
1016 1552 1304 1599 exspectantes
1331 1552 1500 1593 starent,
1525 1544 1598 1584 uni
1618 1559 1670 1584 ex
1692 1543 1754 1593 iis,

367 1596 620 1693 &Dinomeni
655 1597 734 1637 fuit
764 1598 939 1653 nomen)
971 1600 1070 1654 quia
1105 1609 1242 1641 custos
1273 1601 1454 1656 corporis
1486 1610 1585 1650 erat,
1617 1609 1755 1656 partes

398 1662 487 1694 atae
516 1662 624 1703 sunt,
649 1663 706 1703 ut,
731 1669 861 1709 quum
890 1657 1244 1712 appropinquaret
1271 1658 1418 1698 ianuae
1444 1673 1531 1707 rex,
1553 1673 1628 1713 per
1658 1673 1755 1698 cau-

160 1717 345 1763 Aconipra-
367 1725 453 1750 sam
476 1710 657 1765 aliquam
689 1711 731 1751 in
755 1713 955 1767 angustiis
983 1713 1205 1754 sustineret
1227 1715 1277 1754 ab
1308 1724 1422 1769 tergo
1451 1730 1611 1769 agmen.
1677 1714 1752 1764 Ita,

159 1759 331 1829 psl'occidx-
367 1776 413 1807 ut
429 1777 692 1817 convenerat,
708 1768 863 1809 factum
878 1778 949 1810 est.
1013 1770 1235 1826 Tanquam
1257 1771 1414 1811 laxaret
1430 1771 1584 1811 elatum
1600 1772 1753 1827 pedem

214 1824 220 1830 '
366 1825 417 1864 ab
438 1824 578 1865 stricto
600 1825 723 1874 nodo,
747 1834 929 1867 moratus
951 1827 1113 1867 turbam
1144 1827 1416 1876 Dinomenes,
1441 1837 1601 1868 tantum
1625 1829 1753 1869 inter—

366 1880 461 1921 valli
482 1881 592 1930 fecit,
616 1891 673 1931 ut,
704 1898 835 1937 quum
864 1884 907 1923 in
936 1893 1269 1939 praetereuntem
1298 1885 1385 1925 sine
1415 1885 1580 1926 armatis
1611 1900 1752 1941 regem

366 1938 547 1993 impetus
568 1940 699 1988 fieret,
722 1940 1015 1981 confoderetur
1036 1941 1193 1996 aliquot
1216 1942 1329 1997 prius
1350 1941 1602 1991 vulneribus,
1626 1958 1752 1997 quam

365 1995 549 2035 succurri
577 2005 726 2051 posset.
791 1996 985 2038 Clamore
1012 2006 1053 2038 et
1082 1998 1265 2039 tumultu
1290 1999 1444 2047 audito,
1467 1999 1512 2039 in
1548 1999 1753 2040 Dinome-

366 2066 476 2101 nem,
506 2052 587 2092 iam
620 2053 732 2093 haud
763 2053 889 2094 dubie
921 2055 1168 2104 obstantem,
1199 2055 1281 2096 tela
1308 2055 1609 2097 coniiciuntur:
1643 2057 1753 2097 inter

366 2124 473 2163 quae
497 2118 649 2158 tamen,
673 2110 836 2151 duobus
867 2112 1048 2167 acceptis
1068 2112 1321 2161 vulneribus,
1345 2113 1482 2153 evasit.
1546 2113 1662 2168 Fuga
1689 2129 1751 2153 sa-

367 2165 559 2214 tellitum,
575 2175 621 2206 ut
642 2167 846 2207 iacentem
870 2168 1009 2209 videre
1027 2184 1182 2223 regem,
1200 2170 1307 2209 facta
1323 2178 1395 2209 est.
1458 2169 1751 2210 Interfectores

365 2236 458 2277 pars
479 2222 523 2262 in
544 2223 677 2263 forum
700 2224 753 2263 ad
775 2224 1088 2265 multitudinem
1109 2225 1259 2266 laetam
1285 2225 1488 2275 libertate,
1510 2241 1604 2281 pars
1628 2226 1750 2283 Syra-

364 2294 481 2319 cusas
501 2288 693 2334 pergunt,
713 2280 765 2320 ad
786 2282 1130 2337 praeoccupanda
1144 2282 1442 2324 Andranodori
1456 2283 1749 2339 regiorumque

409 2444 426 2473 3
455 2437 567 2466 Utrum
583 2446 667 2474 spem
683 2437 853 2476 sequatur]
880 2437 919 2467 In
936 2436 1037 2466 utrius
1125 2437 1143 2467 6
1166 2439 1298 2469 Liberas
1313 2439 1421 2475 aedes]
1453 2439 1559 2468 Aedes
1575 2448 1701 2476 vacuas,
1716 2438 1748 2469 in

365 2477 477 2515 populi
516 2477 668 2508 societate
702 2488 792 2517 spem
823 2482 855 2509 et
886 2479 1036 2509 fiduciam
1082 2479 1270 2519 quibusipsi
1286 2480 1344 2510 soli
1360 2480 1606 2519 hospitarentur.
1630 2480 1748 2512 cfiinfr.

364 2522 473 2557 ponat.
502 2519 611 2550 Dossn.
950 2523 963 2527 ‘
1081 2532 1156 2552 xxx.
1179 2530 1223 2561 17.
1241 2533 1338 2552 xxxv.
1354 2531 1400 2560 23.
1425 2523 1492 2554 xlii.
1506 2522 1534 2554 6.
1561 2522 1663 2554 Plaut.
1674 2523 1747 2554 Mil.

408 2573 426 2598 4
449 2562 644 2599 Adfoedns]
675 2563 751 2597 Quo
775 2563 859 2601 leges
883 2563 1034 2593 conditio·
1081 2564 1170 2594 Glor.
1188 2564 1229 2594 iii.
1252 2574 1276 2594 1.
1294 2566 1343 2603 83.

365 2612 484 2640 nesque
510 2614 614 2633 rerum
641 2604 733 2634 alteri
760 2605 843 2644 parti
869 2606 909 2634 ab
934 2606 1035 2635 altera
1125 2614 1140 2645 7
1163 2608 1209 2636 Et
1231 2617 1335 2637 omnes
1350 2608 1455 2645 forte]
1488 2608 1526 2638 cf.
1544 2607 1637 2646 Supr.
1658 2606 1745 2637 xxiii.

365 2646 572 2681 praestandae
608 2650 809 2684 ponerentur.
855 2648 893 2678 ef.
920 2648 1032 2687 Polyb.
1080 2659 1129 2686 44.
1146 2653 1176 2679 et
1190 2654 1265 2678 stent
1281 2651 1386 2679 omnm
1401 2651 1514 2689 campi.
1551 2649 1640 2679 Hinc
1656 2649 1746 2678 nulla

368 2684 417 2714 vii.
436 2695 462 2723 3.
480 2687 531 2715 11111
550 2687 674 2726 singula
691 2689 868 2719 traduntur.
1079 2690 1110 2719 in
1152 2690 1366 2721 coniuratores
1407 2691 1560 2721 incideret
1597 2690 1745 2728 suspicio,

408 2736 423 2764 5
448 2728 569 2764 Pyrrhi
585 2731 677 2758 sliam
696 2732 794 2769 ressis]
822 2731 931 2761 Huius
946 2732 1030 2762 enirn
1077 2734 1161 2771 quod
1189 2743 1294 2772 regem
1322 2733 1353 2763 in
1380 2733 1554 2764 Leontinos
1579 2742 1744 2770 sequeren-

365 2767 462 2797 filiam
490 2769 660 2799 Nereidem
686 2772 817 2801 duxerat
844 2773 928 2803 Gelo
953 2773 1030 2804 llic-
1077 2778 1135 2804 tur.

363 2810 486 2848 Ion-mni
504 2815 602 2848 pater.
632 2812 745 2851 Polyb.
765 2814 814 2844 vii.
834 2823 861 2851 3.
