1871 3178
488 95 613 138 LIB.
650 98 865 143 XXVIII.
909 103 1054 146 CAP.
1094 110 1155 147 15.
1429 113 1510 154 417

129 186 301 237 tumque
337 193 432 226 ante
462 187 615 228 vallum
647 198 687 230 et
719 191 1038 246 trepidationem
1075 210 1257 245 snorum,
1290 207 1332 238 et
1365 201 1506 254 procul
1529 209 1623 241 17.st
1647 212 1717 250 546.

125 237 243 292 signa
264 239 473 294 legionum
500 244 713 299 fulgentia,
737 247 964 304 plenosque
993 250 1174 292 hostium
1203 268 1369 310 campos
1392 258 1506 307 vidit,
1524 254 1561 283 A.
1586 255 1623 284 (ἦ
1648 254 1717 286 ²0⁶·

125 294 358 348 equitatum
381 314 546 341 omnem
569 302 780 359 extemplo
811 305 850 345 in
880 307 1040 361 equites
1069 309 1231 350 emittit.
1298 311 1389 366 lpse
1411 329 1505 355 cnm

123 351 312 405 peditum
349 357 513 410 agmine
550 360 691 399 castris
726 362 958 415 egreditur:
1001 380 1077 405 nec
1113 381 1164 405 cx
1201 367 1345 408 ordine
1387 370 1506 411 solito

123 408 348 464 quicquam
380 413 466 453 acie
503 414 744 457 instruenda
775 428 918 459 mutat.
983 420 1185 476 Equitum
1218 424 1298 464 iam
1330 425 1402 466 diu
1433 443 1506 467 an-

121 478 218 519 ceps
253 481 394 521 pugna
429 480 537 511 erat:
573 487 649 513 nec
687 474 773 528 ipsa
808 490 883 529 per
917 491 958 517 se
997 478 1166 519 decerni
1204 490 1378 535 poterat,
1408 485 1506 538 quia

120 521 248 575 pulsis
268 524 402 579 (quod
424 542 552 582 prope
575 528 617 568 in
639 530 772 570 viceni
795 532 940 585 fiebat)
962 534 1004 573 in
1027 536 1156 576 aciem
1179 538 1368 592 peditum
1392 549 1504 582 tutus

119 588 310 634 receptus
332 593 429 623 erat.
495 585 577 625 Sed
610 586 679 626 ubi
712 587 792 628 iam
825 588 937 629 haud
966 591 1058 646 plus
1086 594 1337 648 ‹piingcntos
1363 612 1502 652 passus
1518 612 1690 652 Equitatus

117 635 225 675 acies
258 637 365 679 inter
393 654 480 681 sese
510 642 693 692 aberant,
717 644 835 699 signo
864 649 1050 702 receptui
1073 649 1183 699 dato,
1202 648 1363 707 Scipio,
1386 654 1546 709 pate-in
1564 658 1713 689 subsidiis

116 690 316 748 factisque
349 696 575 747 ordinibus,
609 700 841 754 equitatum
873 718 1039 745 omnem
1072 705 1289 763 levemque
1322 696 1648 752 armati1-¹‘'⁰²²t²¹⁵'

115 761 215 797 ram,
246 751 288 790 in
319 752 504 794 medium
536 765 748 811 acceptam
779 758 1037 816 divisamque
1069 763 1112 803 in
1143 774 1279 819 partes
1310 766 1425 816 duas,
1457 769 1500 809 in

115 805 307 847 subsidiis
342 820 435 863 post
470 826 625 852 cornua
661 813 779 855 locat.
843 816 962 866 Inde,
1001 819 1071 859 ubi
1113 820 1375 876 incipiendae
1417 825 1499 866 iam

82 875 278 917 4pugnac
301 872 464 920 tempus
486 877 584 917 erat,
611 869 822 925 Hispanos
843 873 911 928 (ea
940 875 1077 916 media
1105 878 1212 918 acies
1240 879 1339 934 fuit)
1359 896 1498 936 presso

110 919 243 973 gradu
273 919 466 964 incedere
498 925 624 966 iubet.
688 927 780 983 Ipse
813 944 835 969 c
867 930 1015 972 dextro
1046 948 1175 974 cornu
1207 935 1284 989 (ibi
1315 952 1496 994 namque

110 976 318 1031 praeerat)
339 980 534 1022 nuntium
557 983 610 1023 ad
635 983 822 1025 Silanum
845 996 886 1027 et
909 987 1116 1030 Marcium
1139 992 1279 1041 mittit,
1299 1002 1344 1034 ut
1366 1010 1493 1036 cornu

79 1047 96 1076 5
111 1033 388 1076 extenderent
409 1037 451 1077 in
473 1038 636 1080 sinistra
658 1050 786 1095 parte,
810 1045 1163 1098 quemadmodum
1185 1063 1226 1088 se
1251 1050 1494 1092 tendentem

78 1097 134 1129 6a
154 1088 302 1130 dextra
322 1092 544 1135 vidissent:
579 1105 621 1136 et
649 1112 745 1138 emn
775 1100 983 1154 expeditis
1006 1102 1194 1156 peditum
1217 1107 1492 1163 equitumque
1510 1121 1674 1154 Proelium

107 1145 222 1199 prius
252 1162 436 1202 pugnam
467 1164 732 1194 consererent
763 1171 858 1195 cuin
890 1156 1020 1206 hoste,
1043 1174 1168 1213 quam
1189 1162 1298 1203 coire
1321 1164 1430 1204 inter
1450 1180 1492 1206 se
1506 1162 1612 1195 initur.

107 1202 270 1243 mediae
303 1205 411 1245 acies
446 1218 625 1261 possent.
688 1210 754 1251 Ita
788 1212 969 1253 diductis
1005 1216 1198 1257 cornibus
1233 1234 1328 1260 cum
1365 1222 1492 1262 ternis

106 1258 295 1312 peditum
318 1262 569 1313 cohortibus,
588 1267 800 1322 ternisque
824 1270 1013 1324 equitnm
1037 1274 1193 1323 turmis,
1217 1276 1269 1316 ad
1291 1276 1370 1317 hoc
1391 1278 1493 1318 veli-

106 1314 229 1365 tibus,
247 1317 373 1359 citato
394 1320 527 1375 gradu
548 1322 588 1361 in
613 1323 772 1364 hostem
791 1325 1012 1376 ducebant,
1031 1332 1301 1384 sequentibus
1323 1334 1365 1373 in
1388 1335 1489 1375 obli-

77 1385 237 1426 7quum
269 1374 368 1415 aliis.
435 1376 558 1418 Sinus
590 1379 633 1419 in
664 1381 803 1422 medio
831 1392 931 1432 erat,
965 1386 1063 1439 quia
1090 1388 1257 1442 segnius
1280 1389 1491 1445 Hispano-

104 1443 196 1468 rum
225 1431 343 1486 signa
372 1433 645 1477 incedebant:
679 1446 720 1478 et
750 1438 831 1478 iam
858 1441 1132 1483 conflixerant
1152 1459 1320 1494 cornua,
1343 1462 1488 1502 quum,

104 1486 218 1540 quod
240 1488 397 1529 roboris
424 1490 468 1530 in
496 1492 583 1532 acie
613 1493 794 1535 hostium
823 1505 922 1545 erat,
946 1497 1080 1538 Poeni
1101 1503 1287 1542 veterani
1310 1503 1488 1559 Afrique

104 1543 293 1584 nondum
324 1546 377 1586 ad
409 1547 480 1587 teli
511 1550 748 1591 coniectum
769 1553 990 1603 venissent,
1014 1570 1151 1611 neque
1180 1558 1223 1598 in
1252 1574 1418 1610 cornua,
1442 1573 1489 1603 ut

103 1599 348 1642 adiuvarent
387 1614 632 1659 pugnantes,
670 1607 900 1650 discurrere
937 1612 1152 1663 auderent,
1188 1629 1242 1655 ne
1279 1618 1488 1672 aperirent

101 1656 284 1698 mediam
305 1659 436 1700 aciem
457 1662 641 1704 venienti
669 1679 721 1705 ex
747 1666 919 1707 adverso
940 1668 1059 1710 hosti.
1124 1671 1295 1713 Cornua
1315 1675 1486 1730 ancipiti

100 1713 258 1767 proelio
289 1717 563 1770 urgebantur:
597 1735 737 1775 equeS,
766 1722 952 1779 levisque
981 1734 1200 1778 armatura,
1222 1729 1380 1779 velites,
1407 1732 1486 1773 cir-

100 1770 335 1812 cumductis
360 1773 433 1814 alis
460 1774 504 1814 in
531 1775 659 1818 latera
679 1778 968 1830 incurrebant3
1001 1783 1194 1825 cohortes
1214 1800 1238 1826 a
1258 1786 1394 1828 fronte
1416 1804 1485 1829 ur—

68 1826 265 1880 8gebant,
288 1837 335 1869 ut
363 1831 660 1887 abrumperent
689 1850 846 1877 cornua
875 1852 900 1878 a
929 1848 1068 1880 cetera
1102 1841 1201 1883 acie.
1266 1843 1322 1884 Et
1352 1860 1483 1900 quum
1564 1847 1627 1885 10.

98 1883 150 1923 ab
183 1885 297 1924 omni
329 1895 444 1941 parte
478 1888 802 1946 haudquaquam
835 1908 910 1948 par
941 1910 1083 1951 pugna
1114 1907 1214 1947 erat,
1248 1908 1337 1940 tum
1368 1903 1483 1957 quod

98 1940 219 1981 turba
240 1940 466 1984 Baliarium
496 1945 762 2002 tironumque
786 1948 1070 2004 Hispanorum
1094 1953 1286 1996 Romano
1309 1956 1482 1999 Latino-

98 2010 180 2050 que
208 1997 331 2038 militi
359 2001 522 2041 obiecta
548 2011 647 2051 erat,
670 2012 723 2052 et,
746 2006 999 2059 procedente
1021 2009 1103 2048 iam
1124 2010 1205 2059 die,
1227 2012 1334 2052 vires
1355 2014 1480 2054 etiam

97 2051 276 2093 deficere
299 2054 574 2097 Hasdrubalis
595 2061 826 2100 exercitum
850 2073 1085 2117 coeperant,
1109 2080 1324 2120 oppressos
1346 2080 1480 2110 matu-

97 2108 185 2149 tino
207 2110 390 2151 tumultu
411 2122 670 2170 coactosque,
688 2117 930 2172 priusquam
951 2120 1043 2161 cibo
1065 2136 1236 2177 corpora
1252 2124 1476 2176 firmarent,

94 2165 246 2220 raptim
268 2167 311 2206 in
332 2168 464 2219 aciem
485 2171 611 2211 exire.
674 2173 746 2213 Ad
767 2173 811 2214 id
832 2175 975 2216 sedulo
997 2176 1109 2217 diem
1131 2187 1367 2222 extraxerat
1389 2182 1478 2223 Sei-

94 2221 178 2276 pio,
200 2232 246 2263 ut
273 2238 363 2264 sera
391 2240 532 2281 pugna
562 2237 679 2269 esset.
743 2229 856 2271 Nam
886 2232 937 2272 ab
967 2234 1143 2289 septima
1173 2236 1343 2278 demum
1374 2239 1476 2281 hora

93 2278 285 2333 peditum
315 2281 433 2336 signa
463 2284 656 2326 cornibus
686 2286 1015 2330 incucurrerunt.
1079 2291 1151 2332 Ad
1181 2294 1338 2335 medias
1368 2296 1475 2337 acies

136 2400 156 2427 4
171 2391 417 2431 Pressoffradu]
435 2404 477 2425 sc.
490 2395 640 2426 Lentiore
651 2398 762 2436 gradu,
805 2399 884 2435 ker„
905 2405 1018 2440 utpote
1037 2404 1215 2442 elegantius
1236 2410 1267 2435 et
1289 2408 1380 2438 codd.
1399 2408 1473 2440 Put.

93 2433 365 2470 quemadmodum
385 2446 494 2474 presso
514 2439 594 2476 pede
617 2438 762 2470 incedere
805 2446 836 2470 et
855 2442 976 2473 Victor.
994 2444 1166 2476 firmatum.

94 2474 255 2510 dicuntur,
282 2475 336 2514 qui
364 2477 481 2507 lentius
508 2480 761 2518 progrediuntur.
848 2483 866 2513 8
890 2485 934 2514 Et
963 2496 1059 2524 quum
1091 2489 1129 2516 ab
1165 2490 1248 2518 omni
1275 2492 1387 2529 parte]
1428 2492 1471 2522 Et

95 2515 184 2545 Huic
199 2518 315 2547 citatus
328 2520 451 2556 yrmlzts
466 2519 537 2550 infr.
555 2522 736 2560 opponitur.
805 2524 1054 2564 haudquaquam
1083 2538 1140 2566 par
1167 2540 1273 2569 pugna
1299 2537 1377 2569 erat,
1402 2538 1471 2564 tum

136 2566 153 2596 5
177 2559 217 2587 In
234 2560 366 2589 sinistra
379 2563 490 2599 parte]
517 2562 568 2591 Ita
583 2563 760 2594 Rhenanus
804 2566 950 2597 omnibus
963 2569 1002 2598 de
1015 2570 1128 2607 causis,
1140 2575 1209 2600 tum
1223 2572 1295 2602 ideo
1309 2575 1358 2604 vel
1371 2576 1470 2605 maxi-

92 2609 149 2638 pro
168 2603 307 2629 veterum
327 2602 484 2632 editorum
510 2604 647 2635 lectione
666 2607 701 2635 in
719 2608 759 2636 si·
803 2617 866 2643 me,
883 2609 968 2646 quod
988 2612 1081 2640 turba
1103 2612 1268 2644 incondita
1293 2615 1469 2648 Baliarium

91 2642 224 2672 nisti-am
239 2647 477 2682 partem‚quam
490 2645 595 2676 Bekk.
608 2648 760 2685 reposuit.
802 2649 1008 2689 tironumque
1053 2653 1273 2692 Hispanorum
1295 2677 1297 2679 ·
1320 2658 1470 2690 Romano

134 2683 154 2713 6
175 2685 203 2712 Α
223 2685 351 2723 clastra]
380 2687 431 2716 Ad
452 2687 598 2718 dextram
618 2690 757 2727 reposuit
803 2691 983 2730 Latinoque
998 2694 1092 2724 militi
1110 2696 1234 2727 obiecta
1250 2704 1328 2733 erat.
1340 2704 1371 2730 et
1384 2703 1469 2740 quod

92 2724 232 2755 Bekker.
801 2735 994 2771 procedente
1007 2736 1069 2765 iam
1083 2738 1134 2768 die
1147 2761 1153 2768 .
1167 2762 1173 2769 .
1186 2762 1192 2769 .
1210 2740 1361 2781 Ceterum
1376 2745 1470 2782 vulgo

137 2774 153 2805 7
177 2768 261 2803 Quia
276 2770 404 2807 sequius
420 2771 658 2809 Hispanorum]
686 2774 758 2809 Qua
803 2775 878 2804 editi
903 2776 1021 2807 habent
1041 2780 1087 2809 Et
1107 2785 1173 2811 tum
1187 2794 1197 2811 .·
1221 2782 1341 2822 scripti,
1358 2789 1391 2815 ut
1417 2786 1468 2816 de-

90 2810 220 2847 seynius
239 2816 448 2848 reposuerunt
469 2813 607 2844 Crevier.
625 2819 655 2844 et
674 2814 757 2845 Bek-
803 2817 916 2848 dimus.
941 2819 1046 2851 Cnnv.

147 2863 246 2891 VOL.
270 2864 313 2892 ΙΙ.
1170 2878 1194 2904 Ε
1217 2880 1238 2905 Ε
