1871 3178
508 92 630 134 LIB.
666 95 855 139 XXVII.
904 100 1044 142 (JAP.
1079 107 1144 144 20.
1435 112 1514 149 365

146 172 296 230 Scipio,
323 180 463 219 castris
489 181 666 224 hostium
697 187 863 240 potitus,
887 205 1015 243 quum
1043 202 1204 247 praeter
1236 194 1362 236 libera
1382 199 1516 253 capita
1534 212 1572 241 1'.
1590 213 1626 242 (¹.
1646 224 1715 251 5⁴3·

141 245 307 273 omnem
330 237 522 290 praedam
547 240 744 283 militibus
764 247 1042 296 concessisset,
1066 249 1107 289 in
1136 253 1398 293 recensendis
1419 270 1515 311 cap—
1530 255 1715 326 Ji',(.¹j.²⁰.{)'

142 288 234 329 tivis
266 290 410 333 decem
445 295 572 336 millia
605 299 804 352 peditum,
839 302 922 343 duo
958 305 1086 346 millia
1118 309 1303 362 equitum
1343 311 1510 354 invenit.
1528 307 1673 377 (Jl'ft‘i‘ffl‘

142 345 211 386 Ex
235 347 282 386 iis
309 348 518 405 Hispanos
546 354 633 395 sine
659 358 792 411 pretio
814 374 957 401 omnes
978 361 1148 404 domum
1177 365 1355 407 dimisit:
1393 369 1513 410 Afros

138 404 318 445 vendere
360 418 617 462 quaestorem
652 413 778 455 iussit.
857 416 1118 461 Circumfusa
1150 422 1247 463 inde
1289 425 1512 467 multitudo

140 458 436 516 Hispanorum,
459 476 501 507 et
522 478 616 509 ante
639 469 887 523 deditorum,
905 483 947 516 et
968 477 1100 531 pridie
1123 489 1349 534 captorum,
1372 498 1510 538 regem

139 532 233 557 enm
256 519 413 573 ingenti
436 538 638 566 consensu
655 528 886 583 appellavit.
949 533 1059 574 Tum
1085 536 1235 592 Scipio,
1254 539 1417 580 silentio
1440 556 1512 596 per
1525 553 1631 591 scipio
1649 566 1693 584 u·-

112 589 384 629 1p1·aeeonem
406 579 525 630 facto,
551 583 650 623 ‘sibi
678 586 903 628 maximum
931 605 1084 632 nomen
1115 593 1371 649 imperatoris
1399 599 1617 666 OSSC>⁷tJ¹‚¹„‡‘]
1634 608 1663 666 ‘J'

137 631 256 682 dixit,
293 639 400 690 ‘quo
435 651 477 677 se
514 639 664 681 milites
699 643 760 682 sni
794 646 1077 700 appellassent.
1142 650 1323 703 Regium
1357 670 1508 696 nomen
1522 648 1553 673 μ(
1610 650 1661 678 '¹¹‘

1537 681 1644 711 nellari.

138 688 261 730 ‘alibi
298 706 506 748 magnum,
540 696 699 739 Romae
736 700 992 746 intolerabile
1026 722 1124 748 esse.
1480 714 1487 720 ’
1524 690 1531 718 1

1191 709 1391 766 Regalem
1423 728 1510 753 am-

137 751 274 787 ‘mum
310 748 353 788 in
384 766 555 801 se·esse‚
587 754 619 794 si
654 755 695 795 id
729 757 770 797 in
804 759 982 803 hominis
1013 764 1181 819 ingenio
1212 768 1507 824 amplissimum

136 808 147 825 ‘
163 803 375 855 ducerent,
395 808 515 849 tacite
534 810 786 863 iudicarent3
814 818 924 859 vocis
946 824 1212 877 usurpatione
1229 826 1509 868 abstinerent?

137 859 309 902 Sensere
323 864 447 905 etiam
468 866 627 908 barbari
646 873 977 927 magnitudinem
999 880 1144 929 animi3
1177 883 1294 923 cuius
1310 885 1506 926 miraculo

102 918 314 960 mominis
335 921 403 962 alii
429 924 619 966 mortales
643 936 869 984 stuperent,
892 933 935 974 id
963 950 1015 976 ex
1041 945 1124 977 tam
1150 939 1232 979 alto
1257 940 1417 997 fastigio
1445 958 1506 983 as-

132 977 354 1029 pernantis.
417 978 543 1022 Dona
564 982 660 1024 inde
688 987 840 1042 regulis
861 991 1198 1051 principibusque
1223 996 1504 1054 Hispanorum

131 1030 273 1082 divisa,
305 1043 347 1075 et
387 1052 438 1077 ex
471 1053 620 1094 magna
651 1044 770 1098 copia
804 1056 1016 1102 captorum
1053 1067 1255 1107 equorum
1287 1065 1504 1107 trecentoS,

131 1103 235 1143 quos
270 1091 405 1142 vellet,
439 1095 591 1151 eligere
627 1098 850 1143 Indibilem
880 1105 1006 1147 iussit.
1073 1109 1215 1157 Quum
1250 1112 1374 1154 Afros
1406 1130 1504 1155 ven-

130 1145 248 1187 deret
268 1148 379 1189 iussu
401 1150 657 1206 imperatoris
679 1168 882 1211 quaestor,
901 1177 1075 1217 puerum
1097 1167 1283 1209 adultum
1307 1170 1415 1211 inter
1434 1188 1504 1213 eos

130 1202 261 1244 forma
273 1205 437 1262 insigni,
453 1224 581 1263 quum
597 1213 775 1255 audisset
789 1218 889 1271 regii
902 1222 1065 1274 generis
1079 1238 1178 1274 esse,
1193 1226 1245 1266 ad
1265 1226 1501 1283 Scipionem

130 1260 251 1301 misit.
317 1262 454 1311 Quem
477 1282 607 1321 quum
628 1283 965 1325 percunctaretur
988 1278 1138 1335 Scipio,
1164 1284 1292 1338 ‘quis,
1315 1295 1356 1326 et
1377 1287 1500 1336 cuias,
1516 1299 1653 1330 Massiva

130 1322 197 1358 ‘et
226 1333 300 1360 eur
328 1320 371 1361 id
404 1325 548 1364 aetatis
580 1325 622 1366 in
653 1330 794 1370 castris
823 1331 995 1375 fuisset?
1027 1336 1255 1380 Numidam
1288 1344 1401 1392 esse,'
1431 1342 1668 1393 aissNumida.

129 1373 381 1418 ‘BIassivam
416 1381 634 1435 populares
665 1400 823 1429 vocare.
889 1390 1049 1433 Orbum
1091 1410 1115 1435 a
1148 1405 1262 1452 patre
1296 1399 1498 1450 relietum,

97 1445 114 1475 3
131 1433 266 1487 ‘apud
293 1445 525 1478 maternum
551 1455 672 1481 avum
697 1443 859 1495 Galam,
885 1462 1021 1503 regern
1051 1451 1344 1506 Numidarum,
1374 1458 1500 1499 edue-

128 1493 254 1539 ‘tum,
286 1507 381 1532 eum
412 1497 615 1538 avunculo
647 1498 879 1553 Masinissa,
912 1506 983 1560 qui
1019 1522 1153 1564 nuper
1183 1526 1279 1552 eum
1311 1515 1499 1569 equitatu

127 1547 337 1589 ‘subsidio
368 1550 782 1608 Carthaginiensibus
811 1561 1000 1613 venisset,
1026 1565 1070 1605 in
1102 1566 1348 1623 Hispaniam
1378 1573 1499 1614 traie-

126 1607 138 1626 ‘
154 1603 267 1645 cisse.
330 1606 591 1651 Prohibitum
608 1624 778 1669 propter
797 1626 974 1660 aetatem
990 1636 1014 1662 a
1035 1622 1266 1676 Masinissa,
1280 1642 1496 1685 nunquam

126 1664 245 1702 ‘ante
266 1663 469 1718 proelium
500 1667 649 1710 iniisse.
714 1671 777 1713 Eo
807 1673 887 1724 die,
911 1692 994 1732 quo
1022 1691 1251 1736 pugnatum
1281 1699 1376 1726 cum
1410 1687 1496 1729 Ro-

92 1722 136 1762 4‘
150 1719 280 1760 manis
301 1730 419 1771 esset,
441 1723 571 1766 inscio
592 1729 809 1780 avunculo,
832 1731 938 1774 clam
960 1737 1081 1778 armis
1102 1753 1295 1797 equoque
1316 1754 1494 1800 sumpto,

124 1774 194 1814 ‘in
224 1777 354 1818 aciem
383 1780 538 1822 exisse:
571 1783 640 1833 ibi,
660 1786 850 1843 prolapso
878 1806 987 1847 equo
1012 1795 1188 1837 effusum
1213 1798 1257 1838 in
1285 1815 1493 1858 praeeepS,

122 1836 313 1888 ‘captum
335 1836 385 1877 ab
408 1837 608 1881 Romanis
629 1844 742 1884 esse.'
803 1845 955 1903 Scipio,
974 1866 1104 1906 quum
1125 1858 1320 1897 asservari
1343 1858 1495 1900 Numi-
1510 1869 1698 1918 Reniittitur

120 1888 217 1930 dam
248 1891 443 1943 iussisset,
480 1911 586 1951 quae
622 1914 696 1954 pro
732 1902 927 1945 tribunali
963 1910 1124 1963 agenda
1158 1922 1287 1963 erant,
1319 1917 1491 1972 peragit.
1506 1912 1700 1985 2531&OE

119 1944 238 1997 Inde,
280 1964 409 2004 quum
444 1967 486 1993 se
522 1954 565 1994 in
605 1959 855 2010 praetorium
891 1966 1123 2020 recepisset,
1165 1979 1357 2012 vocatum
1398 1988 1492 2014 eum
1507 1996 1571 2025 lum
1590 1997 1687 2027 Masi-

118 2002 357 2060 interrogat,
382 2009 582 2051 ‘velletne
596 2013 649 2052 ad
671 2013 933 2059 Masinissam
950 2024 1098 2064 reverti
1111 2025 1146 2064 P’
1180 2026 1337 2076 Quum,
1355 2030 1493 2071 effusis
1506 2038 1631 2069 nissam-

118 2060 270 2115 gaudio
291 2062 480 2114 lacrimis,
500 2072 670 2123 ‘cupere
691 2073 814 2121 vero,’
830 2074 1009 2126 diceret3
1043 2088 1131 2120 tum
1145 2097 1274 2136 puero
1291 2086 1491 2128 annulum

117 2131 301 2168 aureum,
325 2121 507 2163 tunicam
534 2123 616 2166 lato
642 2127 768 2178 clavo,
791 2145 886 2172 eum
920 2132 1108 2190 Hispano
1135 2140 1277 2194 sagulo
1302 2151 1343 2183 et
1367 2158 1491 2185 aurea

116 2173 256 2225 fibula,
274 2191 512 2235 equumque
535 2193 725 2225 ornatum
747 2186 886 2238 donat,
903 2189 1104 2248 iussisque
1126 2199 1332 2254 prosequi,
1351 2202 1488 2255 quoad

117 2231 252 2282 vellet,
275 2235 496 2289 equitibus,
519 2238 684 2282 dimisit.

174 2287 241 2329 De
273 2290 380 2333 bello
411 2293 508 2335 inde
540 2298 756 2340 consilium
789 2301 986 2346 habitum.

1050 2307 1117 2357 Et,
1140 2314 1374 2355 auctoribus
1395 2317 1487 2371 qui·
1563 2323 1628 2361 20.

161 2460 172 2480 1
200 2452 323 2482 Nomen
338 2454 545 2493 Imperatoris
568 2482 573 2488 .
592 2482 598 2488 .
617 2483 623 2489 .
641 2483 648 2489 .
672 2472 732 2500 quo
747 2474 779 2493 se

114 2493 229 2523 milites
245 2495 295 2523 sui
319 2497 547 2536 appellassent]
580 2500 646 2531 Hic
662 2512 778 2533 nomen

114 2535 320 2573 Imperatoris
335 2537 554 2576 accipiendum
567 2547 625 2579 est,
635 2554 697 2573 non
712 2546 778 2575 vul—

867 2475 882 2494 2
907 2468 961 2497 ΕΒΓ
983 2473 1046 2498 tam
1069 2471 1132 2500 alto
1146 2472 1298 2511 fasti-clio]
1328 2475 1430 2510 Quasi
1447 2488 1485 2508 ex

822 2507 888 2536 alto
901 2509 1103 2548 despicientis
1116 2512 1208 2543 huius
1218 2516 1355 2547 nominis
1367 2521 1486 2559 magni-

822 2549 978 2587 tudinem,
995 2553 1081 2582 velut
1097 2554 1176 2584 infra
1193 2566 1225 2585 se
1240 2558 1386 2596 positam.

113 2577 178 2615 gari
194 2587 285 2607 sensu
301 2589 357 2617 pro
370 2580 451 2610 duce
467 2586 591 2612 tantum
610 2586 777 2624 exercitus,

113 2619 169 2648 sed
193 2629 249 2657 pro
265 2630 302 2649 eo
318 2621 410 2658 duce,
425 2623 490 2661 qui,
506 2624 648 2656 hostibus
663 2637 777 2668 niagno

114 2661 235 2699 proelio
246 2662 332 2699 fusis,
341 2674 359 2693 a
372 2664 526 2695 militibus
538 2669 716 2707 Imperator
731 2682 776 2701 sa-

112 2703 235 2733 lutatus
249 2708 310 2735 est:
330 2707 436 2744 prisco
450 2719 527 2746 erya
542 2711 636 2741 duces
649 2712 776 2751 honore,

112 2744 216 2784 inquit
247 2746 323 2777 Tac.
350 2749 432 2779 Ann.
462 2749 506 2780 iii.
537 2758 584 2790 74.
615 2755 670 2792 qm'
700 2756 776 2787 bene

108 2793 198 2825 yesta
219 2790 382 2828 republica
401 2793 520 2830 yaadio
540 2798 570 2824 et
592 2796 711 2834 impetu
731 2800 774 2828 vi-

111 2831 204 2860 eloris
219 2833 376 2862 exercilus
390 2835 676 2869 conclamabantur.
699 2840 758 2871 CR.

865 2601 882 2629 3
905 2594 1083 2632 Eductam]
1129 2597 1216 2627 Editi
1248 2601 1341 2640 vulgo
1371 2605 1483 2635 educa-

821 2637 896 2663 tum.
942 2634 1003 2665 Sed
1028 2636 1137 2668 Livius
1159 2649 1243 2679 supr.
1266 2643 1330 2673 xxi.
1355 2655 1404 2683 43.
1427 2650 1481 2678 Λη

820 2685 878 2711 me,
892 2677 927 2705 in
939 2680 1100 2715 praetorio
1112 2683 1218 2720 patris
1232 2706 1240 2713 .
1258 2708 1265 2714 .
1282 2709 1288 2715 .
1305 2688 1460 2720 eductum.

867 2730 885 2755 4
908 2720 1095 2759 Aenneulo]
1129 2724 1167 2754 cf.
1190 2724 1267 2757 Infr.
1294 2730 1403 2761 xxviii.
1432 2742 1481 2771 35.

820 2759 873 2788 ubi
900 2760 1069 2794 Masinissa
1096 2775 1128 2795 se
1151 2771 1300 2805 patruum
1324 2772 1482 2804 Massivae

819 2801 995 2841 profitetur,
1011 2811 1045 2835 ut
1061 2807 1114 2845 qui
1132 2809 1230 2847 patris
1242 2811 1339 2843 frater
1353 2821 1442 2846 esset.
