1877 3178
128 203 226 235 U.C.
247 212 318 243 541·

126 246 318 329 Αίέτιι.

125 607 259 647 Repulsi
275 608 306 638 in

124 652 232 680 urbem

122 693 289 732 Campani.
332 709 340 717 ·

124 1114 155 1143 H
160 1114 287 1144 annibal

122 1156 184 1185 reci
190 1156 235 1195 pit
251 1157 290 1187 si-

119 1208 191 1236 gna.

331 111 412 149 288
834 108 981 150 ΤΙΤΙ
1021 108 1192 151 LIVII

330 197 406 237 viri
427 204 664 253 potuerunt.
727 196 782 238 Et
810 196 871 238 M.
891 197 1046 238 Atilius
1070 197 1241 261 legatus,
1271 196 1392 252 primi
1419 197 1614 253 principis
1641 211 1692 238 ex
1707 215 1724 244 5

330 253 476 296 eadem
515 254 677 309 legione
716 254 880 310 signum
915 255 1055 295 inferri
1086 269 1130 294 in
1165 253 1377 295 cohortem
1413 252 1694 309 Hispanorum

330 311 477 366 coegit.
538 311 605 360 Et,
627 311 699 366 qui
720 312 859 353 castris
879 319 1107 367 praeerant,
1130 311 1179 351 L.
1198 311 1369 352 Porcius
1389 310 1560 351 Licinus
1579 320 1621 352 et
1641 311 1691 352 T.

329 367 529 424 Popillius
549 368 673 423 legati
694 383 769 433 pro
788 368 893 409 vallo
914 369 1061 409 acriter
1080 376 1356 424 propugnant,
1373 367 1694 424 elephantosque

329 425 705 480 transgredientes
695 441 739 465 ιιι
758 426 847 481 ipso
868 426 973 466 vallo
1001 425 1237 466 conficiunt.
1302 424 1372 472 Qu
1346 439 1492 466 uorum
1516 425 1696 480 corpori-

327 482 404 523 bus
420 497 549 537 quum
570 482 735 538 oppleta
754 491 860 523 esset
875 483 991 531 fossa,
1009 482 1122 523 velut
1137 497 1284 538 aggere
1302 490 1372 522 aut
1387 489 1512 537 ponte
1528 481 1694 531 iniecto,

330 539 547 579 transitum
574 539 758 580 hostibus
785 539 912 580 dedit.
973 539 1037 580 Ibi
1065 555 1138 595 per
1165 548 1341 595 stragem
1368 538 1592 579 iacentium
1613 538 1696 580 ele-

329 596 578 651 phantorum
600 604 716 637 atrox
744 597 856 637 edita
882 596 1040 637 caedes.
1101 574 1276 637 AlteraD
1266 612 1309 636 ιιι
1336 604 1450 651 parte
1472 603 1696 636 castrorum

329 653 411 693 iam
427 653 591 708 impulsi
608 662 724 694 erant
743 653 948 709 Campani
969 653 1258 709 Punicumque
1278 652 1540 709 praesidium,
1557 661 1599 693 et
1619 653 1695 694 sub

330 725 418 765 lpsa
443 718 563 765 porta
592 709 775 765 Capuae,
804 726 909 766 quae
938 711 990 751 ad
1011 710 1264 751 Vulturnum
1293 711 1382 759 fert,
1411 710 1692 765 pugnabatur:

329 782 465 822 neque
483 775 567 808 tam
583 768 726 808 armati
743 768 1064 823 irrumpentibus
1082 768 1280 808 Romanis
1300 767 1556 815 resistebant,
1570 782 1696 821 quam

328 824 442 879 quod
473 832 602 879 porta,
635 824 806 865 ballistis
842 825 1206 880 scorpionibusque
1238 824 1447 872 instructa,
1476 823 1727 864 missilibus6

328 880 471 936 procul
487 880 624 922 hostes
639 882 814 922 arcebat.
877 881 932 921 Et
952 882 1175 937 suppressit
1191 881 1392 936 impetum
1411 881 1695 921 Romanorum

327 937 477 978 vulnus
498 938 754 993 imperatoris
776 940 857 993 Ap.
881 938 1068 978 Claudii:
1102 939 1181 987 cui,
1205 953 1297 978 suos
1318 947 1412 978 ante
1433 938 1565 993 prima
1580 938 1696 992 signa

328 994 575 1043 adhortanti,
598 994 672 1034 sub
694 994 808 1035 laevo
836 995 1009 1035 humero
1029 1009 1235 1035 summum
1260 1003 1403 1050 pectus
1423 1009 1545 1050 gaeso
1565 994 1693 1035 ictum
1709 1013 1725 1045 7

329 1058 400 1091 est.
461 1050 619 1105 Magna
649 1059 787 1091 tamen
817 1051 877 1091 vis
911 1051 1092 1091 hostium
1132 1060 1227 1092 ante
1260 1060 1418 1105 portam
1457 1060 1518 1092 est
1553 1066 1691 1092 caesa:

328 1107 456 1147 ceteri
477 1107 657 1162 tr'epidi
648 1122 691 1147 ιιι
712 1108 856 1148 urbem
878 1108 1088 1162 compulsi.
1152 1108 1207 1148 Et
1232 1107 1456 1157 Hannibal,
1478 1116 1695 1172 postquam

329 1163 507 1204 cohortis
544 1163 826 1219 Hispanorum
861 1172 1039 1219 sti1gen1
1075 1164 1189 1213 vidit,
1221 1179 1461 1220 summaque
1492 1165 1532 1204 vi
1566 1174 1697 1206 eastra

328 1220 507 1261 hostium
539 1220 720 1270 defendi,
752 1221 900 1261 omissa
931 1221 1251 1276 oppugnatione,
1283 1236 1463 1276 recipere
1493 1221 1622 1285 signa,
1654 1230 1697 1262 et

326 1286 566 1318 convertere
602 1292 750 1332 agmen
782 1278 984 1333 peditum,
1017 1279 1177 1319 obiecto
1209 1294 1233 1318 a
1265 1287 1379 1333 tergo
1411 1278 1611 1334 equitatu,
1642 1293 1695 1319 ne

326 1333 454 1375 hostis
479 1335 660 1384 instaret,
683 1336 830 1390 coepit.
893 1335 1127 1391 Legionum
1151 1335 1301 1376 ardor
1292 1350 1472 1399 ingens
1461 1335 1513 1375 ad
1536 1335 1695 1376 hostem

326 1391 631 1446 insequendum
660 1391 763 1432 fuit:
797 1392 870 1432 scd
899 1392 1067 1433 Flaccus
1098 1392 1281 1447 receptui
1309 1392 1400 1432 cani
1430 1392 1568 1440 iussit3
1601 1393 1696 1433 satis

326 1447 379 1488 ad
400 1456 622 1512 utrumque
647 1449 877 1503 piofectum
906 1459 1030 1498 ratus,
1053 1458 1099 1490 ut
1127 1458 1169 1490 et
1192 1448 1409 1513 Campani,
1432 1464 1555 1503 quam
1583 1449 1696 1489 haud

326 1503 534 1545 multum
524 1520 567 1545 111
590 1504 825 1546 Hannibale
846 1506 1038 1561 praesidii
1060 1515 1177 1555 esset,
1200 1515 1242 1546 et
1262 1506 1347 1561 ipse
1371 1506 1583 1546 Hannibal
1603 1521 1695 1547 sen-

327 1561 434 1602 tiret.
498 1560 632 1602 Caesa
651 1577 701 1602 eo
729 1562 808 1611 die,
832 1579 901 1617 qu]
926 1563 1047 1603 huius
1068 1579 1230 1627 pugnae
1259 1572 1445 1604 auctores
1472 1572 1580 1612 sunt,
1602 1571 1695 1604 octo

326 1617 454 1658 millia
473 1617 689 1658 hominum
714 1619 766 1659 de
796 1619 1043 1659 Hannibalis
1071 1621 1268 1669 exercitu,
1292 1621 1369 1660 tria
1395 1635 1447 1660 ex
1471 1619 1695 1676 Campanis

326 1674 517 1715 tradunt:
550 1675 748 1730 signaque
780 1675 1193 1730 Carthaginiensibus
1220 1677 1460 1732 quindecim
1488 1677 1693 1732 adempta,

326 1731 612 1787 duodeviginti
651 1731 886 1796 Campanis.
937 1711 1078 1787 oApud
1113 1733 1212 1773 alios
1242 1748 1506 1788 nequaquam
1538 1742 1694 1774 tantam

326 1788 477 1829 molem
507 1803 670 1852 pugnae
701 1789 853 1837 inveni,
883 1789 1056 1844 plusque
1087 1790 1260 1844 pavoris,
1292 1805 1414 1844 quam
1446 1790 1692 1837 certaminis,

325 1845 471 1886 fuisse:
505 1860 633 1900 quum
655 1845 868 1900 inopinato
889 1846 932 1885 in
949 1854 1078 1886 castra
1101 1846 1289 1886 Romana
1310 1845 1518 1886 Numidae
1542 1846 1693 1901 Hispa-

325 1902 453 1956 nique
493 1917 587 1942 cum
624 1902 853 1957 elephantis
889 1903 1153 1957 iirupissent3
1196 1902 1416 1967 elephanti,
1450 1917 1524 1958 per
1557 1903 1694 1943 media

325 1967 456 1999 castra
481 1959 691 2007 vadentes,
713 1967 889 2013 stlagem
920 1959 1277 2000 tabernaculorum
1304 1960 1463 2014 ingenti
1490 1959 1626 2000 sonitu
1646 1974 1692 2000 ac

325 2015 465 2070 sugam
492 2016 825 2071 abrumpentium
853 2015 1019 2056 vincula
1045 2016 1322 2057 iumentomm
1350 2017 1553 2065 swerent
1585 2017 1692 2057 frau-

325 2071 421 2112 dem
447 2087 613 2127 quoque
642 2087 765 2127 super
795 2073 1017 2113 tumultum
1044 2073 1257 2122 adiectam,
1280 2073 1468 2113 immissis
1496 2074 1546 2114 ab
1575 2072 1693 2113 Han-

324 2128 474 2177 nibale,
501 2129 573 2184 qui
598 2129 762 2184 (habuit
792 2129 968 2193 aliquot)
988 2130 1105 2185 gnari
1126 2130 1298 2170 Latinae
1320 2129 1483 2185 linguae
1504 2130 1694 2170 iuberent

324 2185 541 2226 consulum
580 2186 727 2234 verbis,
759 2202 966 2250 quoniam
1001 2187 1148 2227 amissa
1181 2196 1310 2227 eastra
1349 2195 1495 2236 essent,
1536 2202 1610 2242 pro
1650 2201 1692 2227 se

326 2257 535 2298 quemque
558 2243 767 2283 militum
757 2258 800 2283 in
821 2258 1029 2298 proxlmos
1050 2252 1209 2284 montes
1225 2244 1388 2299 fugere:
1422 2219 1495 2284 sed
1516 2259 1605 2284 eam
1626 2258 1693 2284 ce-

325 2298 465 2339 leriter
490 2300 697 2355 cognitam
717 2300 917 2364 fraudem,
940 2315 1257 2364 opplessamque
1285 2315 1435 2356 magna
1453 2300 1578 2341 caede
1600 2301 1693 2341 hos-

326 2355 453 2404 tium3
486 2356 757 2411 elephantos
747 2357 834 2411 igni
854 2372 877 2397 e
899 2357 1038 2397 castris
1059 2366 1235 2398 exactos.

384 2411 478 2453 Hoc
517 2413 710 2454 ultimum
742 2413 975 2468 (utcunque
1011 2414 1161 2454 initum
1201 2414 1449 2469 finitumque
1485 2413 1565 2468 est)
1597 2422 1691 2455 ante

325 2468 581 2511 deditionem
601 2469 771 2525 Capuae
791 2470 995 2525 proelium
1011 2470 1100 2511 fuit.
1161 2470 1476 2520 Medixtuticus,
1494 2471 1565 2526 qui
1582 2477 1723 2511 sum-8

369 2589 386 2619 5
410 2582 515 2611 Primi
540 2583 714 2621 principis]
751 2580 849 2611 Primi
876 2581 990 2620 princi-
1078 2588 1094 2620 7
1118 2582 1218 2612 (laeso
1242 2582 1339 2612 ictum
1363 2582 1424 2619 est]
1459 2581 1598 2612 Gaesum
1622 2591 1690 2620 pro-

328 2631 403 2659 pum
419 2624 585 2662 manipuli.
617 2624 654 2653 cf.
671 2634 755 2662 supr.
773 2634 846 2654 xxv.
866 2634 912 2662 14.
1034 2623 1101 2662 prie
1123 2624 1223 2653 telum
1245 2623 1408 2653 Gallicum
1432 2628 1509 2659 erat,
1529 2623 1632 2653 forsan
1653 2622 1691 2652 si-

370 2662 388 2691 6
411 2665 712 2705 Scorpionibusque]
740 2666 846 2695 Huius
870 2665 990 2695 machi·
1033 2665 1109 2695 mile
1132 2669 1265 2702 verutro‚
1289 2669 1372 2695 certe
1396 2665 1522 2696 missile.
1552 2665 1591 2696 cf.
1607 2674 1690 2703 supr.

329 2713 387 2733 nae
401 2715 480 2742 quae
494 2706 616 2744 spicula
632 2707 758 2745 aliaque
774 2707 904 2737 missilia
918 2707 989 2737 mit·
1034 2707 1098 2738 viii.
1114 2707 1143 2738 8.
1168 2708 1276 2737 DOER.

329 2746 428 2780 tebit
444 2747 687 2785 descriptionem
709 2749 883 2779 uberiorem
901 2749 990 2779 dedit
1080 2750 1100 2779 8
1126 2750 1374 2786 Medixtutious]
1417 2749 1456 2780 cf.
1480 2749 1572 2787 Supr.
1603 2745 1688 2777 xxiii.

330 2786 488 2817 Ammian.
513 2788 657 2820 Marcell.
682 2790 768 2822 xxiii.
791 2803 819 2828 4.
849 2792 887 2821 ef.
905 2801 989 2830 supr.
1035 2799 1083 2830 35.

329 2827 413 2857 xxiV.
430 2837 479 2866 34.
