1877 3178
351 100 434 141 472

866 97 1013 138 ΤΙΤΙ
1054 98 1232 139 LIVII

148 193 193 225 U.
210 193 248 224 C.
270 200 340 232 547-
354 187 479 228 verba
493 186 604 236 fecit,
622 195 664 228 et
679 187 800 242 petiit
816 187 939 227 simul
952 188 1003 228 ab
1019 202 1116 243 rege
1130 196 1173 228 et
1189 188 1241 228 ab
1257 187 1504 243 imperatore
1527 187 1734 236 Romano,

149 236 187 267 A.
211 236 249 267 C.
272 243 342 275 205.

217 1091 280 1129 13.

153 1145 197 1176 U.
215 1145 253 1176 C.
276 1146 346 1184 548.

151 1188 190 1217 A.
215 1187 253 1217 C.
276 1197 346 1225 204.

151 1229 200 1259 M.
214 1228 290 1258 Cor-

150 1270 247 1307 nelio,
265 1271 303 1301 P.

151 1311 340 1350 Sempronio

151 1353 240 1383 Coss.

152 1394 350 1426 Provinciae.

356 252 404 285 ut
438 244 566 284 finem
600 243 699 285 belli
730 243 926 293 facerent,
958 244 1189 299 darentque
1221 259 1312 285 eam
1346 243 1528 298 Epirotis
1557 244 1734 284 veniam.

356 301 404 342 P.
426 300 696 356 Sempronius
721 300 981 341 conditiones
1008 302 1120 355 pacis
1148 301 1268 350 dixit,
1290 309 1337 341 ut
1362 300 1565 349 Parthini,
1588 308 1629 340 et
1657 300 1738 340 Di-

356 357 542 406 mallum,
574 366 616 398 et
646 356 887 412 Bargulum,
920 366 962 397 et
993 357 1232 413 Eugenium
1268 357 1555 397 Romanorum
1586 364 1734 396 essent.

357 414 591 462 Atintania,
613 414 659 462 si,
683 414 814 454 missis
844 414 1023 454 Romam
1044 414 1203 469 legatis,
1226 415 1276 455 ab
1298 422 1443 454 senatu
1465 413 1735 468 impetrasset,
1751 432 1768 462 5

359 470 584 511 Macedoni
606 470 831 510 accederet.
895 470 946 510 In
968 486 1035 511 eas
1056 471 1318 512 conditiones
1334 485 1464 525 quum
1485 484 1567 525 pax
1588 484 1739 510 conve-

358 527 479 576 niret,
497 527 547 567 ab
564 542 661 582 rege
677 527 834 567 foederi
855 527 1032 582 ascripti,
1051 527 1198 568 Prusia
1215 527 1439 583 Bithyniae
1456 541 1543 575 rex,
1562 525 1737 574 Achaei,

360 582 522 632 Boeoti,
555 583 757 632 Thessali,
791 584 1044 633 Acarnanes,
1078 584 1298 639 Epirotae:
1337 584 1388 624 ab
1421 582 1634 632 Romanis,
1666 581 1772 625 Ili-6

359 655 490 688 enses,
514 639 683 680 Attalus
704 655 790 689 rex,
814 640 1045 689 Pleuratus,
1070 640 1202 681 Nabis
1224 640 1653 680 Lacedaemoniorum
1674 646 1741 694 ty-

358 710 524 745 rannus,
568 695 674 745 Elei,
717 696 931 746 Messenii,
974 697 1267 738 Athenienses.
1349 696 1468 736 Haec
1509 695 1741 750 conscripta.

359 753 684 808 consignataque
721 762 829 802 sunt,
864 763 905 794 et
939 754 983 793 in
1024 754 1128 794 duos
1168 768 1331 794 menses
1370 753 1557 793 indutiae
1593 752 1738 801 factae,

359 808 493 849 donec
517 809 695 850 Romam
721 810 985 850 mitterentur
1009 810 1147 865 legati,
1171 819 1217 850 ut
1238 809 1416 865 populus
1437 809 1480 849 in
1501 809 1574 849 has
1595 808 1740 849 condi-

359 865 493 906 tiones
522 880 669 920 pacem
699 866 872 906 iuberet.
934 867 1233 922 Iusseruntque
1264 881 1408 907 omnes
1439 866 1592 906 tribus:
1627 865 1739 919 quia,

358 936 475 962 verso
506 921 550 961 in
577 921 763 962 Africam
792 922 915 971 bello,
942 923 1134 963 omnibus
1161 923 1250 963 aliis
1276 923 1318 962 in
1350 923 1585 977 praesentia
1613 921 1741 961 levari

359 977 553 1017 volebant
574 977 704 1017 bellis.
766 978 813 1018 P.
837 977 1118 1033 Sempronius,
1140 994 1241 1033 pace
1262 979 1381 1027 facta,
1404 978 1457 1019 ad
1478 978 1739 1019 consulatum

360 1033 541 1073 Romam
563 1033 750 1074 decessit.

416 1089 464 1129 P.
487 1089 746 1144 Sempronio,
770 1089 830 1131 M.
854 1090 1053 1131 Cornelio
1082 1091 1319 1132 consulibus
1340 1091 1532 1145 (quintus
1553 1091 1741 1130 decimus

359 1145 392 1185 is
428 1161 561 1185 annus
594 1146 745 1186 Punici
780 1146 878 1186 belli
913 1147 1021 1200 crat)
1055 1148 1306 1203 provinciae,
1341 1147 1539 1188 Cornelio
1574 1147 1774 1191 Etruria7

360 1217 455 1242 cum
475 1210 614 1242 veterc
637 1203 835 1251 exercitu,
859 1203 1107 1259 Sempronio
1130 1204 1297 1253 Bruttii,
1321 1212 1366 1244 ut
1393 1219 1518 1244 novas
1546 1203 1743 1244 scriberet

359 1258 556 1313 legiones,
593 1259 795 1300 decretae.
872 1260 1150 1309 Praetoribus,
1188 1261 1249 1301 M.
1275 1260 1438 1301 Marcio
1480 1261 1647 1308 urbana,
1689 1259 1738 1301 L.

363 1314 578 1355 Scribonio
600 1315 755 1356 Liboni
775 1317 1006 1371 peregrina,
1029 1326 1071 1357 et
1092 1317 1228 1357 cidem
1255 1317 1404 1366 Gallia,
1429 1317 1490 1357 M.
1506 1317 1742 1372 Pomponio

361 1370 556 1411 Mathoni
609 1371 759 1421 Sicilia,
808 1372 872 1413 Ti.
906 1373 1085 1414 Claudio
1136 1373 1299 1414 Neroni
1351 1373 1540 1414 Sardinia
1589 1373 1739 1413 evenit.

359 1427 407 1468 P.
433 1427 619 1483 Scipioni
641 1443 736 1468 cum
758 1444 807 1469 eo
829 1430 1028 1479 exercitu,
1051 1445 1147 1470 cum
1169 1445 1217 1470 ea
1238 1430 1376 1479 classe,
1400 1445 1525 1485 quam
1548 1429 1739 1479 habebat,

389 1492 626 1539 rorogatum
657 1485 701 1524 in
732 1501 889 1526 annum
922 1487 1144 1541 imperium
1172 1496 1258 1527 est:
1292 1487 1392 1527 item
1421 1487 1467 1527 P.
1487 1486 1664 1535 Licinio,
1694 1494 1742 1526 ut

359 1499 548 1580 lRruttios
579 1556 674 1581 cum
703 1541 862 1582 duabus
892 1542 1125 1597 legionibus
1156 1543 1376 1592 obtineret,
1399 1543 1539 1597 quoad
1570 1557 1665 1582 eum
1696 1542 1741 1582 in

359 1596 572 1650 provincia
602 1612 697 1636 cum
728 1598 903 1653 imperio
935 1600 1085 1639 morari
1117 1599 1277 1640 consuli
1311 1615 1332 1640 e
1364 1600 1576 1654 republica
1607 1599 1741 1638 visum

361 1660 477 1692 esset.
542 1652 597 1691 Et
619 1652 679 1692 M.
700 1653 834 1702 Livio,
858 1664 900 1695 et
924 1655 991 1710 Sp.
1012 1655 1222 1704 Lucretio,
1246 1671 1340 1696 cum
1366 1656 1473 1696 binis
1494 1655 1739 1710 legionibus,

361 1708 512 1762 quibus
540 1708 733 1748 adversus
759 1709 985 1764 Magonem
1013 1711 1175 1752 Galliae
1203 1712 1408 1766 praesidio
1435 1712 1620 1759 fuissent,
1646 1726 1742 1765 pro-

359 1773 550 1819 rogatum
582 1764 804 1819 imperium
838 1776 909 1806 est.
974 1766 1029 1806 Et
1064 1768 1142 1808 Cn.
1170 1767 1357 1816 Octavio,
1391 1777 1450 1816 ut,
1482 1783 1612 1822 quum
1648 1767 1742 1807 Sar-

360 1820 517 1860 diniam
550 1820 842 1876 legionemque
872 1823 937 1862 Ti.
965 1822 1145 1863 Claudio
1179 1824 1425 1872 tradidisset,
1452 1824 1539 1878 ipse
1567 1823 1740 1863 navibus

360 1876 494 1931 longis
516 1876 790 1932 quadraginta
811 1879 1059 1919 maritimam
1081 1895 1206 1927 oram,
1230 1880 1381 1934 quibus
1402 1881 1554 1920 finibus
1575 1888 1740 1920 senatus

359 1933 596 1981 censuisset,
642 1942 856 1975 tutaretur.
920 1935 981 1975 M.
1015 1935 1248 1990 Pomponio
1290 1937 1469 1991 praetori
1510 1937 1554 1976 in
1602 1936 1742 1976 Sicilia

362 1988 596 2029 Cannensis
617 1990 824 2030 exercitus
845 1991 952 2031 duae
974 1991 1159 2046 legiones
1180 1992 1381 2033 decretae.
1445 1992 1494 2034 T.
1516 1992 1739 2040 Quinctius
1753 2006 1772 2036 8

360 2044 602 2094 Tarentum,
643 2045 692 2086 C.
723 2046 929 2088 Hostilius
970 2048 1162 2089 Tubulus
1200 2048 1404 2104 Capuam,
1441 2057 1738 2104 propraetores,

402 2179 419 2209 5
442 2172 477 2201 Si
493 2194 500 2200 .
519 2193 525 2202 .
543 2194 549 2201 .

359 2212 476 2251 lippus.

568 2172 782 2211 impetrasset]
803 2173 933 2211 Nempe
951 2174 1025 2204 Phi·
1072 2185 1110 2204 ex
1136 2175 1224 2205 Plut.
1245 2174 1277 2204 in
1301 2175 1368 2204 eius
1390 2175 1464 2204 vita.
1510 2175 1660 2205 Ceterum
1685 2175 1739 2214 qui

1072 2216 1189 2245 dicitur
1218 2216 1270 2245 hie
1304 2218 1488 2251 Tarentum,
1517 2218 1599 2246 sicut
1629 2219 1739 2255 priore

401 2253 420 2283 6
443 2254 591 2293 Ilienses]
627 2255 719 2283 Haec
744 2255 858 2293 prima,
885 2256 943 2285 nisi
971 2267 1028 2286 nos

358 2295 443 2325 fallit
471 2295 592 2334 opinio,
620 2297 754 2326 occurrit
784 2298 871 2335 apud
900 2298 1027 2328 Livium

358 2337 479 2367 mentio
501 2337 688 2368 Iliensium:
714 2348 792 2376 quos
813 2338 864 2368 hic
887 2340 1027 2370 Romani

358 2379 470 2415 socios,
507 2379 595 2416 alibi,
634 2384 668 2409 ut
705 2380 775 2410 infr.
814 2382 934 2411 xxxvii.
975 2391 1025 2420 37.

358 2421 489 2451 xxxviii.
514 2429 563 2461 39.
589 2421 685 2451 etiam
712 2422 840 2460 originis
870 2433 945 2452 suae
972 2434 1026 2453 au-

357 2466 459 2492 ctores
484 2467 669 2501 agnoscunt.
694 2465 798 2495 CREV.
835 2465 872 2495 cf.
891 2465 1026 2497 Niebhr.

358 2503 376 2534 i.
393 2515 422 2534 n.
442 2512 510 2543 543.

402 2553 417 2584 7
440 2548 581 2577 Etruria
614 2558 683 2577 cum
722 2552 826 2578 velere
862 2549 1021 2587 avercitu]

357 2587 441 2617 Cum
479 2598 516 2618 eo
554 2589 696 2619 exercitu
733 2599 826 2627 quem
864 2591 1024 2620 Arretium

357 2628 483 2659 duxisse
522 2631 681 2661 Laevinus
722 2636 916 2661 memoratur
952 2633 1023 2663 infr.

356 2671 465 2700 xxviii.
483 2671 532 2708 46.
557 2673 662 2702 CREv.

399 2712 416 2739 8
443 2714 659 2748 T.Quinelizcs
682 2714 873 2753 Tarentum]
896 2715 961 2745 Hic
975 2720 1021 2745 est

356 2750 395 2780 T.
412 2752 585 2786 Quinctius
606 2755 818 2793 Flamininus,
834 2757 887 2794 qui
912 2761 1022 2795 postea

358 2792 545 2831 Philippum
569 2806 673 2833 regem
696 2798 824 2835 devicit,
840 2802 875 2827 ut
898 2803 1022 2829 constat

1072 2268 1168 2294 anno,
1195 2258 1334 2288 obtinere
1364 2258 1477 2294 iussus,
1501 2268 1659 2296 nusquam
1689 2269 1737 2288 su-

1072 2309 1130 2337 pra
1152 2302 1346 2328 memoratus
1365 2303 1411 2329 est
1427 2299 1604 2329 Tarentum
1625 2300 1739 2330 missus

1072 2350 1139 2370 esse
1162 2351 1234 2370 cum
1256 2341 1401 2379 imperio.
1447 2341 1537 2376 Quin
1554 2341 1650 2370 etiam
1666 2342 1738 2372 infr.

1070 2383 1179 2412 xxviii.
1201 2392 1246 2412 10.
1264 2386 1295 2412 et
1311 2391 1361 2421 45.
1378 2383 1466 2421 sequi
1483 2383 1618 2419 videtur,
1633 2387 1669 2413 ut
1685 2384 1738 2413 ob-

1070 2429 1172 2453 servat
1197 2425 1381 2454 Perizonius
1404 2425 1574 2454 Animadv.
1600 2425 1686 2454 Hist.
1708 2438 1737 2463 4.

1072 2466 1115 2501 Q.
1146 2467 1331 2503 Claudium,
1357 2466 1518 2505 superiore
1546 2477 1642 2504 annO,
1675 2467 1737 2496 Ta-

1069 2511 1160 2537 rento
1190 2508 1373 2546 praefuisse.
1429 2509 1492 2538 Sed
1522 2508 1589 2538 fieri
1621 2509 1736 2546 potuit,

1069 2553 1103 2578 ut
1121 2550 1287 2586 Claudius,
1304 2554 1473 2588 postquam
1489 2550 1517 2580 ei
1534 2554 1736 2589 prorogatum

1069 2591 1239 2629 imperium
1256 2592 1371 2629 fuerat,
1388 2592 1437 2621 vel
1459 2596 1602 2621 mortuus
1618 2592 1669 2628 sit,
1685 2592 1735 2621 vel

1069 2633 1177 2671 aliquo
1203 2643 1277 2663 casu
1301 2637 1355 2663 aut
1376 2634 1503 2672 negotio
1524 2633 1698 2672 impeditus
1718 2644 1736 2664 e

1066 2675 1231 2713 provincia
1255 2675 1434 2711 decesserit,
1460 2676 1552 2713 eique
1576 2685 1736 2705 successor

1068 2716 1242 2750 Quinctius
1258 2717 1370 2746 missus
1386 2717 1491 2747 fuerit.
1526 2718 1642 2755 Itaque
1656 2720 1734 2746 tunc

1066 2758 1146 2787 nihil
1170 2759 1258 2788 aliud
1285 2758 1379 2789 obiici
1404 2759 1521 2797 poterit
1546 2758 1649 2794 Livio,
1673 2757 1734 2787 nisi

1066 2800 1151 2838 quod
1178 2810 1245 2830 rem
1273 2810 1355 2837 eam,
1381 2801 1421 2830 de
1448 2811 1511 2838 qua
1536 2799 1732 2830 mentionem
