1871 3178
487 104 611 146 LIB.
647 103 789 145 XXV.
832 103 970 145 CAP.
1009 109 1070 146 13.
1387 110 1467 147 245

93 198 105 216 ⁶
122 200 244 248 taque
266 192 394 233 millia
423 194 557 234 occisa
578 202 648 234 tua
668 193 824 233 deferat
854 191 986 231 amnis
1009 191 1049 230 iu
1074 199 1246 245 pontum
1271 206 1464 245 magnum

93 255 169 290 ‘ex
201 258 307 290 terra
337 251 553 304 frugifera:
599 250 778 306 piscibus
807 257 931 303 atque
963 247 1105 287 avibus
1135 247 1327 302 ferisque,
1359 265 1464 303 qnae

60 313 103 346 6⁶
120 306 307 347 incolunt
324 316 462 356 terras,
483 308 529 347 iis
544 308 626 347 fuat
645 322 737 347 esca
757 321 849 346 caro
867 315 958 345 tua:
995 320 1087 344 nam
1110 304 1210 343 mihi
1232 305 1286 344 ita
1312 304 1467 359 lupitcr

93 370 103 387 ⁶
119 363 224 405 fatus
239 365 325 405 cst!
387 365 440 405 Et
455 364 671 405 Diomedis
686 363 829 418 Argivi
848 377 1013 417 campos
1031 371 1071 401 et
1088 361 1278 401 Cannam
1296 362 1465 409 flumen,

90 421 162 476 qui
196 421 469 462 militaverant
506 422 547 461 in
587 422 634 461 iis
676 420 786 469 locis,
823 419 939 459 iuxta
979 428 1103 474 atquc
1138 419 1267 474 ipsam
1307 418 1467 459 cladem

90 480 378 533 agnoscebant.
448 479 558 519 Tum
599 478 773 518 alterum
814 491 978 517 carmen
1021 476 1250 524 recitatum,
1293 491 1377 515 non
1418 491 1467 516 co

91 544 252 576 tantum
275 537 497 584 obscurius,
516 535 613 590 qnia
630 533 848 574 incertiora
868 533 1005 573 futura
1021 533 1251 588 praeteritis
1268 542 1376 581 sunt,
1395 532 1467 573 sed

63 593 326 648 ’lperplcxius
351 594 474 633 etiam
499 593 722 648 scripturae
748 606 910 644 genere.
975 596 986 612 ⁶
1002 589 1191 639 Hostem,
1218 590 1409 638 Romani,
1433 590 1462 629 si

60 651 326 705 s‘expellere
356 650 489 698 vultis,
512 650 810 703 vomicamque,
838 662 944 702 quae
970 647 1158 701 gentium
1188 647 1301 688 venit
1330 647 1465 701 longe,

92 707 305 763 ‘Apollini
338 707 546 747 vovendos
578 722 725 746 censeo
759 705 889 753 ludos,
927 705 998 759 qui
1035 704 1256 759 quotannis
1297 705 1468 744 comiter

92 770 102 787 ⁶
122 764 307 819 Apollini
331 764 452 804 liant:
486 779 615 818 quum
638 762 815 818 populus
836 762 998 803 dederit
1019 777 1070 802 ex
1102 761 1268 817 publico
1294 770 1466 817 partem,

92 822 265 877 ‘privati
297 822 356 861 uti
385 821 598 861 conferant
625 835 699 876 pro
730 836 771 860 se
804 819 981 874 suisque.
1047 819 1101 859 Iis
1133 818 1240 858 ludis
1270 818 1468 859 faciendis

59 897 78 928 9
93 884 103 902 ⁶
116 879 292 933 praeerit
305 886 468 933 praetor
488 878 532 927 is,
544 878 615 933 qui
631 878 693 917 ius
710 876 863 932 populo
885 876 1104 932 plebeique
1120 876 1234 916 dabit
1247 891 1466 916 summum.

91 941 103 959 ⁶
120 935 355 975 Decemviri
373 935 534 975 Graeco
551 935 631 975 ritu
647 934 790 975 hostiis
810 949 921 974 sacra
942 934 1104 974 iaciant.
1170 933 1286 974 llaec
1305 934 1337 973 si
1358 943 1467 974 recte

91 998 102 1016 ⁶
118 992 266 1041 faxitis,
283 992 515 1048 gaudebitis
537 1007 709 1047 semper,
728 992 882 1046 fietque
905 1006 968 1031 res
984 1001 1118 1032 vestra
1138 990 1294 1031 melior.
1358 990 1468 1031 Nam

91 1049 152 1090 ‘is
171 1049 290 1090 divus
317 1050 555 1105 exstinguet
582 1048 817 1105 perduelles
838 1058 1004 1096 vestroS,
1028 1048 1099 1103 qui
1121 1057 1276 1088 vestros
1303 1063 1469 1103 campos

92 1113 103 1131 ‘
119 1115 293 1162 pascunt
306 1107 493 1162 placide.'
556 1106 624 1146 Ad
642 1106 684 1146 id
700 1121 865 1146 carmen
881 1105 1190 1160 explanandum
1205 1105 1315 1145 diem
1339 1119 1468 1145 unum

89 1173 365 1219 sumpserunt.
428 1164 600 1204 Postero
625 1163 692 1203 die
721 1162 1121 1202 senatusconsultum
1144 1162 1297 1202 factum
1327 1170 1400 1210 est,
1423 1170 1470 1202 ut

64 1221 314 1263 1deeemviri
344 1220 480 1269 libros,
503 1220 554 1260 de
587 1220 694 1260 ludis
726 1219 913 1274 Apollini
942 1234 1069 1274 reque
1101 1218 1242 1259 divina
1262 1218 1467 1267 faciunda,

91 1278 353 1333 inspicerent.
424 1277 485 1317 Ea
536 1292 666 1332 quum
702 1276 887 1331 inspecta
926 1275 1135 1330 relataque
1187 1276 1238 1315 ad
1279 1285 1469 1316 senatum

92 1344 239 1383 essent,
269 1343 520 1375 censuerunt
551 1335 715 1374 Patres:
752 1339 762 1356 ⁶
781 1332 966 1388 Apollini
999 1333 1117 1373 ludos
1138 1332 1346 1373 vovendos
1371 1332 1470 1372 faci-

93 1391 360 1446 ‘undosque:
395 1400 447 1440 et,
472 1390 639 1446 quando
673 1390 759 1430 ludi
781 1390 878 1430 facti
909 1399 1058 1439 essent,
1091 1390 1313 1430 duodecim
1342 1389 1471 1429 millia

93 1449 225 1490 ‘aeris
260 1449 439 1504 praetori
473 1448 525 1489 ad
557 1463 642 1489 rem
679 1447 861 1487 divinam
898 1456 939 1487 et
974 1447 1076 1487 duas
1108 1447 1260 1487 hostias
1296 1446 1470 1486 maiores

93 1512 104 1530 ⁶
120 1506 302 1547 dandas'
362 1505 555 1546 Alterum
583 1504 985 1545 senatusconsultum
1006 1504 1161 1544 factum
1189 1513 1262 1553 est,
1287 1513 1296 1526 ⁴
1316 1503 1377 1544 Ut
1398 1503 1471 1544 de-

62 1581 80 1603 2
94 1569 105 1587 ⁶
121 1563 288 1604 cemviri
302 1578 413 1603 sacra
433 1562 595 1603 Graeco
609 1563 691 1602 ritu
706 1561 902 1609 facerent,
917 1561 1064 1616 hisque
1081 1561 1246 1601 hostiis:
1282 1559 1471 1616 Apollini

94 1621 224 1661 ‘bove
255 1629 396 1661 aurato
425 1629 467 1660 et
496 1619 628 1675 capris
649 1618 809 1659 duabus
840 1617 940 1658 albis
961 1618 1126 1667 auratis,
1149 1617 1336 1658 Latonae
1367 1617 1471 1658 bove

94 1683 106 1702 ⁶
118 1678 272 1718 femina
288 1677 452 1717 aurata!
511 1675 655 1716 Ludos
676 1684 840 1731 praetor
855 1675 898 1714 in
915 1675 1024 1716 circo
1041 1675 1221 1715 maximo
1243 1690 1373 1730 quum
1390 1674 1473 1715 fac-

93 1744 208 1776 turus
221 1742 339 1783 esset,
358 1733 502 1782 edixit,
520 1743 567 1774 ut
586 1721 767 1788 populus
787 1747 862 1788 per
877 1747 946 1773 eos
961 1732 1079 1773 ludos
1100 1733 1249 1788 stipem
1267 1731 1470 1788 Apollini,

92 1800 290 1848 quantam
318 1790 582 1832 commodum
610 1799 728 1839 esset,
751 1789 967 1831 conferret.

1486 202 1581 232 11.st
1604 211 1673 241 540.

1482 246 1580 275 ,1.(3.
1604 255 1673 275 212.

1484 600 1506 628 A
1516 601 1629 629 lterum

1481 643 1547 672 cius
1565 642 1640 672 vati-

1481 686 1609 715 ciuium.

1031 1789 1148 1830 Haec
1180 1799 1242 1830 est
1266 1790 1381 1845 origo
1409 1788 1472 1829 lu-
1486 1801 1581 1841 Origo

92 1849 240 1890 dorum
278 1848 596 1904 Apollinarium,
628 1847 836 1896 victoriae,
868 1863 952 1887 non
989 1846 1251 1896 valetudinis,
1284 1862 1394 1902 ergo,
1427 1854 1472 1886 ut
1486 1844 1651 1892 Apollina-

63 1906 279 1963 3plerique
300 1914 455 1954 rentur,
477 1914 665 1946 votorum
686 1905 984 1960 factorumque.
1046 1904 1232 1960 Populus
1253 1912 1472 1945 coronatus

92 1963 314 2019 spectavit:
353 1972 563 2003 matronae
593 1961 901 2018 supplicavere:
935 1961 1058 2017 vulgo
1087 1962 1251 2017 apertis.
1267 1960 1400 2001 ianuis
1428 1960 1472 2000 111

93 2020 310 2076 propatulo
327 2019 482 2076 epulati
503 2028 611 2069 sunt,
629 2019 874 2074 celeberque
891 2018 979 2059 dies
1000 2019 1113 2059 omni
1130 2018 1473 2059 caerimoniarum

93 2093 245 2134 genere
266 2077 356 2118 fuit.

156 2134 300 2183 Quum
322 2133 533 2175 Hannibal
549 2133 658 2174 circa
678 2133 922 2182 Tarentum,
941 2132 1130 2173 consules
1151 2132 1272 2172 ambo
1294 2131 1337 2171 in
1357 2130 1474 2172 Sam-

142 2251 162 2283 6
183 2254 287 2290 Fuat]
325 2251 477 2291 Antique,
509 2262 564 2291 pro
590 2253 640 2282 sit.
688 2253 763 2282 Tros

854 2261 865 2281 1
891 2252 1019 2289 Libros]
1046 2250 1230 2290 Sibyllinos,
1249 2260 1385 2289 quorum
1401 2260 1474 2280 auc-

97 2295 364 2333 Rutulum-esunt
379 2295 466 2333 apud
482 2294 664 2333 Virgilium.
687 2294 750 2324 CR.

807 2293 918 2323 toritas
951 2293 1094 2323 maxima
1124 2298 1199 2324 erat.
1245 2294 1395 2324 Ceterum
1424 2303 1475 2321 vo-

147 2344 163 2375 7
191 2337 331 2372 Hostem,
356 2337 507 2373 Romani]
553 2336 673 2366 Totum
703 2336 764 2365 hoe

98 2388 226 2410 carmen
242 2378 385 2407 Macrob.
402 2378 528 2408 Saturn.
543 2377 563 2408 i.
583 2386 629 2416 17.
645 2378 749 2408 refert.

141 2421 160 2450 8
185 2421 411 2459 Vomicamque,
426 2430 507 2458 quae
519 2422 663 2458 {lentium
679 2421 764 2450 venit

98 2464 204 2502 lonye]
241 2461 410 2491 Diu-iorem
433 2461 515 2491 hanc
538 2471 648 2491 vocem
673 2463 764 2492 vomi-

98 2516 167 2536 cam
182 2504 301 2534 iudicat
315 2503 448 2538 Quinct.
461 2503 539 2533 Inst.
554 2503 615 2533 viii.
627 2502 656 2534 6.
692 2503 764 2533 Per-

99 2547 223 2587 plexior
251 2546 338 2575 haud
367 2545 462 2575 dubie
490 2545 570 2575 haee
595 2544 707 2581 oratio,
732 2548 763 2575 et

99 2600 192 2620 sensu
217 2592 249 2618 et
273 2591 438 2618 structura.
482 2589 589 2626 Lon-oe
609 2589 764 2626 mintium,

99 2636 136 2662 ut
168 2632 234 2668 ubi,
266 2631 315 2660 vel
344 2640 512 2669 nusquam,
538 2631 694 2667 offitium,
722 2640 763 2660 sc.

100 2684 181 2714 quae
199 2672 284 2703 venit
300 2683 318 2702 a
334 2672 514 2711 longinquis
528 2671 684 2710 gentibus.

142 2726 162 2757 9
186 2717 249 2753 Qui
271 2717 322 2745 ius
342 2715 460 2754 populo
480 2715 662 2753 plebeique]
693 2713 767 2743 Hoc

101 2759 251 2797 exemplo
265 2757 347 2786 inter
367 2755 429 2786 alia
448 2756 614 2786 confirmat
631 2756 662 2786 N
667 2755 765 2786 iebhr.

101 2811 212 2831 vocem
231 2801 384 2839 populum
407 2798 584 2837 antiquitus
606 2799 646 2828 ad
671 2798 765 2838 patri-

103 2843 167 2874 cios
181 2846 351 2883 spectasse,
367 2851 462 2881 quem
479 2841 517 2872 cf.
534 2841 553 2872 i.
569 2851 600 2872 n.
617 2841 688 2882 984.

809 2345 878 2365 cem
903 2337 998 2365 libros
1024 2335 1143 2365 omittit
1170 2335 1323 2371 Bekker.,
1347 2338 1476 2364 auctore

809 2377 984 2414 Gronovio,
1000 2378 1054 2416 qui
1077 2379 1207 2407 verbum
1227 2379 1420 2416 inspicerent
1435 2377 1475 2406 ad

810 2419 904 2449 libros
921 2420 1104 2449 Marcianos
1118 2424 1261 2458 spectare
1278 2423 1395 2449 censet.

856 2471 872 2491 2
902 2463 1046 2501 Apollini
1073 2463 1146 2492 bot-e
1175 2466 1289 2491 aurato
1315 2466 1345 2491 et
1371 2462 1477 2499 capris

808 2504 947 2541 duabus]
986 2504 1088 2533 Recte
1110 2503 1289 2542 suspicatur
1313 2503 1378 2533 Iac.
1397 2504 1476 2533 Gro-

809 2545 922 2575 novius
947 2545 1101 2575 excidisse
1125 2545 1176 2575 hic
1199 2555 1316 2574 nomen
1342 2545 1477 2576 Dianae.

810 2587 899 2621 Quid
931 2587 1015 2617 enim
1046 2597 1161 2626 caprae
1193 2588 1234 2617 ad
1264 2587 1476 2625 Apollinem?

809 2629 849 2658 Et
867 2629 1006 2659 Dianam
1024 2639 1097 2659 cum
1112 2629 1208 2659 fratre
1230 2629 1316 2668 iungi
1335 2630 1478 2660 sollenne

811 2675 887 2702 erat.
933 2671 998 2701 Bos
1018 2675 1148 2701 auratus
1168 2676 1215 2702 est
1234 2672 1291 2701 bos
1307 2672 1397 2702 cuius
1413 2682 1478 2702 cor-

810 2724 875 2743 nua
900 2718 1011 2744 aurata
1036 2715 1132 2745 fuere.
1159 2714 1264 2745 CREV.
1319 2714 1371 2745 De
1397 2715 1479 2745 bove

809 2761 920 2786 aurato
938 2757 977 2786 cf.
995 2766 1080 2795 supr.
1096 2756 1137 2787 iv.
1158 2754 1204 2787 16.

853 2808 870 2837 3
898 2799 1075 2829 Coronatus
1105 2800 1274 2838 spectavit]
1311 2799 1404 2830 Haec
1431 2810 1480 2829 res

811 2841 927 2872 Graeci
942 2840 1038 2871 moris
1053 2844 1128 2872 era-t.
1159 2841 1198 2872 cf.
1214 2851 1299 2881 supr.
1315 2842 1404 2873 xxiii.
1426 2852 1472 2872 11.

1484 1898 1564 1917 rium
1582 1888 1627 1917 lu-

1485 1931 1607 1961 dorum.

1552 2143 1617 2182 13.
