1877 3178
138 198 182 229 U.
198 198 235 228 C.
257 204 327 236 540.

135 241 174 271 A.
198 240 237 271 C.
258 249 328 270 212.

136 372 324 404 Publicano-

135 426 205 444 rum
223 415 319 444 auda—

137 457 194 487 cia.

141 1793 201 1823 Rei
218 1792 301 1831 capi-

137 1835 209 1864 talis
225 1835 291 1864 dies

140 1876 303 1907 Postumio

138 1919 253 1949 «licitur
267 1929 287 1949 a

140 1961 191 1992 Tr.
211 1962 262 1992 Pl.

341 101 423 138 234
843 93 985 135 ΤΙΤΙ
1029 91 1204 133 LIVII

340 186 462 227 allata
481 192 554 234 est,
577 192 623 224 ut
642 183 895 232 sortirentur,
912 183 983 223 ubi
1005 182 1144 222 Latini
1160 182 1398 237 suffragium
1418 182 1582 224 ferrent.
1634 182 1704 224 In-
1717 199 1734 228 ,ς

342 243 460 284 terim
485 241 692 298 publicani
720 240 874 281 Cascae
898 240 1061 288 instare,
1084 247 1131 280 ut
1157 239 1331 280 concilio
1358 239 1469 280 diem
1492 240 1701 281 eximeret.
1717 258 1736 285 4

342 299 527 355 Populus
543 298 778 339 reclamare:
812 306 853 338 et
871 297 974 337 forte
991 296 1035 336 in
1056 311 1185 336 cornu
1200 296 1355 351 primus
1375 296 1542 338 sedebat
1560 298 1703 346 Casca,
1719 311 1735 342 5

342 357 409 398 cui
430 356 551 397 simul
571 364 703 396 metus
724 354 938 410 pudorque
964 353 1148 394 animum
1168 353 1363 393 versabat.
1429 353 1570 401 Quum
1591 355 1635 394 in
1656 370 1705 395 eo

342 429 487 470 parum
518 412 710 468 praesidii
741 420 859 460 esset,
894 410 1117 451 turbandae
1153 410 1212 450 rei
1244 425 1365 450 causa
1395 410 1604 465 publicani
1632 417 1738 467 per6

341 485 517 512 vacuum
530 470 573 510 in
587 477 789 510 summoto
802 468 937 509 locum
953 482 1086 507 cuneo
1099 467 1347 522 irruperunt,
1363 467 1570 522 iurgantes
1585 468 1706 508 simul

342 543 436 569 cum
457 526 610 583 populo
631 526 898 580 tribunisque.
960 524 1003 564 N
1006 539 1053 564 ec
1073 523 1216 579 procul
1237 523 1501 565 dimica-tione
1523 539 1586 565 res
1606 532 1705 573 erat,

342 600 470 641 quum
493 584 659 624 Fulvius
679 582 820 623 consul
842 581 1026 630 tribunis,
1051 586 1061 604 ‘
1076 580 1230 622 Nonne
1251 581 1422 630 videtis,'
1442 581 1590 636 inquit,
1614 587 1624 604 ‘
1637 596 1707 621 vos
1723 593 1739 625 7

344 643 412 682 ‘in
433 641 619 682 ordinem
640 647 800 681 coactos
821 654 919 687 esse,
942 647 983 679 et
1003 653 1087 678 rem
1110 638 1162 678 ad
1183 637 1427 678 seditionem
1448 647 1642 693 spectare,
1663 638 1707 678 ni

345 705 541 754 ‘propere
572 697 777 738 dimittitis
801 696 930 752 plebis
958 695 1178 736 concilium
1194 695 1229 735 ?’
1287 695 1413 735 Plebe
1439 695 1616 743 dimissa,
1646 710 1708 736 se-

343 765 463 797 natus
487 764 665 803 vocatur,
695 764 736 794 et
763 753 949 793 consules
976 752 1159 792 referunt
1183 751 1234 792 de
1262 752 1437 792 concilio
1461 752 1592 807 plebis
1623 760 1708 792 tur-

342 815 438 855 bato
458 813 498 853 vi
519 820 641 867 atque
667 810 837 851 audacia
863 809 1187 865 publicanorum.
1250 815 1261 832 ⁶
1278 809 1338 849 M.
1359 809 1528 849 Furium
1553 808 1709 850 Camil-

344 876 355 894 ‘
368 870 466 918 lum,
481 869 597 910 cuius
618 867 807 909 exsilium
823 867 942 907 ruina
962 866 1072 907 urbis
1089 874 1228 906 secuta
1242 866 1377 914 fuerit,
1392 866 1578 906 damnari
1599 881 1640 906 se
1657 867 1708 907 ab

344 927 479 967 ‘iratis
495 926 650 967 civibus
666 939 827 980 passum
849 938 946 964 esse.
1009 923 1275 964 Decemviros
1295 932 1389 963 ante
1407 938 1514 972 eum,
1533 938 1709 978 quorum

345 991 355 1008 ‘
368 984 526 1039 legibus
547 982 599 1022 ad
619 997 709 1022 eam
724 981 833 1021 diem
850 981 1045 1028 viverent,
1061 979 1211 1020 multos
1231 988 1372 1035 postea
1392 980 1597 1035 principes
1610 980 1709 1020 eivi-

345 1047 356 1065 ‘
370 1041 474 1088 tatis,
490 1039 688 1080 iudicium
704 1038 755 1078 de
773 1053 813 1077 se
830 1037 972 1092 populi
988 1051 1135 1091 passos.
1178 1036 1437 1077 Postumium
1453 1037 1709 1092 Pyrgensem

345 1104 355 1121 ⁶
369 1097 607 1151 suffragium
642 1094 795 1149 populo
829 1094 1019 1133 Romano
1053 1093 1280 1142 extorsisse,
1318 1093 1537 1134 concilium
1577 1093 1708 1149 plebis

345 1153 589 1201 ‘sustulisse,
617 1152 801 1191 tribunos
831 1151 874 1189 in
905 1150 1091 1190 ordinem
1122 1150 1314 1204 coegisse,
1344 1158 1486 1190 contra
1508 1150 1710 1205 populum

345 1218 355 1235 ⁶
370 1211 607 1251 Romanum
629 1208 758 1248 aciem
779 1207 1030 1255 instruxisse,
1052 1207 1188 1246 locum
1210 1221 1441 1261 occupasse,
1458 1216 1504 1247 ut
1524 1208 1710 1247 tribunos

346 1274 356 1292 ‘
369 1283 393 1308 a
418 1267 539 1323 plebe
561 1264 867 1313 intercluderet,
890 1264 1019 1304 tribus
1040 1263 1083 1303 in
1104 1264 1342 1317 suffragium
1364 1263 1498 1304 vocari
1518 1263 1711 1319 prohibe-

345 1332 441 1366 ‘ret.
505 1323 622 1364 Nihil
653 1321 764 1362 aliud
788 1337 812 1362 a
836 1321 960 1362 caede
992 1336 1038 1361 ac
1066 1320 1329 1360 dimicatione
1355 1321 1604 1361 continuisse
1635 1321 1711 1362 ho-

345 1389 355 1406 ‘
370 1382 512 1430 mines,
546 1380 623 1421 nisi
655 1379 895 1434 patientiam
931 1378 1252 1432 magistratuum,
1287 1377 1399 1432 quod
1434 1378 1628 1418 cesserint
1665 1378 1710 1419 in

346 1438 599 1494 ‘praesentia
620 1436 745 1476 furori
766 1444 888 1491 atque
914 1435 1106 1475 audaciae
1128 1449 1364 1490 paucorum,
1388 1435 1577 1490 vincique
1599 1450 1641 1476 se
1663 1450 1710 1475 ac

345 1495 568 1551 ‘populum
601 1494 837 1533 Romanum
868 1493 972 1547 passi
1003 1492 1109 1532 sint:
1140 1499 1181 1532 et
1211 1492 1387 1540 comitia,
1417 1507 1522 1547 quae
1553 1507 1645 1532 reus
1669 1492 1710 1532 vi

344 1560 355 1577 ‘
372 1560 496 1607 atque
517 1551 638 1591 armis
654 1549 933 1605 prohibiturus
955 1557 1052 1598 erat,
1070 1564 1122 1589 ne
1140 1564 1260 1589 causa
1277 1549 1568 1603 quaerentibus
1588 1549 1710 1589 dimi-

346 1616 357 1634 ‘
370 1610 573 1650 cati0nem
614 1608 792 1655 daretur,
834 1606 1042 1646 voluntate
1084 1606 1211 1660 ipsius
1252 1605 1517 1646 sustulerint.7
1591 1605 1708 1646 Haec
1723 1618 1741 1647 8

343 1681 472 1722 quum
494 1666 543 1705 ab
566 1665 720 1719 optimo
742 1678 906 1718 quoque
929 1677 1002 1717 pro
1024 1663 1234 1702 atrocitate
1256 1663 1315 1702 rei
1337 1672 1426 1703 acta
1442 1672 1588 1712 essent,
1607 1663 1711 1703 vim-

343 1739 423 1779 que
446 1737 536 1763 eam
557 1729 699 1762 contra
719 1718 1012 1774 rempublicam
1035 1727 1075 1758 et
1096 1719 1324 1773 pernicioso
1341 1720 1532 1774 exemplo
1547 1720 1709 1768 factam,

343 1789 506 1821 senatus
527 1779 752 1825 decresset3
785 1775 1000 1816 confestim
1025 1774 1193 1815 Carvilii
1223 1775 1376 1815 tribuni
1398 1775 1540 1830 plebis,
1563 1776 1711 1816 omissa

343 1837 494 1878 multae
512 1835 747 1883 certatione,
765 1833 824 1874 rei
841 1831 1024 1888 capitalis
1041 1832 1151 1871 diem
1168 1831 1382 1873 Postumio
1398 1832 1615 1873 dixerunt:
1649 1848 1708 1881 ac,

386 1986 403 2015 3
431 1976 491 2007 Ubi
513 1975 622 2004 Latini
645 1973 835 2012 suffi-ayz'um
855 1973 1000 2010 feo-rent]

343 2019 537 2056 Corruptum
561 2017 645 2046 hunc
668 2016 773 2045 locum
796 2018 921 2044 tantum
941 2024 1003 2043 non

342 2071 452 2091 omnes
478 2058 576 2089 critici
603 2059 732 2095 habent,
755 2061 786 2087 et
811 2056 949 2087 Gronov.
974 2066 1003 2086 e-

342 2103 492 2132 mendare
508 2104 621 2137 tentat,
636 2105 673 2130 ut
686 2101 877 2130 sortirentur
892 2100 1003 2135 tribus,

341 2157 378 2175 (w
393 2146 466 2175 dein
480 2144 672 2182 suffragium
680 2144 818 2181 ferrent.
850 2141 912 2171 Sed
926 2140 1001 2170 Nie-

341 2187 472 2217 buhrius
487 2188 540 2216 uhi,
556 2187 664 2215 Latini
685 2185 808 2224 probat,
824 2186 1002 2221 censetque,

342 2230 468 2267 quando
491 2239 510 2257 a
533 2227 710 2257 censoribus
730 2227 772 2261 Q.
790 2226 889 2255 Fabio
912 2229 943 2255 et
966 2226 1001 2256 P.

344 2271 445 2301 Decio
476 2273 564 2300 vetus
596 2269 743 2299 classium
780 2268 811 2297 in
848 2267 1004 2296 centurias

342 2313 453 2344 divisio
477 2323 515 2342 ex
538 2312 681 2341 instituto
698 2310 796 2341 Servii
812 2309 911 2339 Tullii
935 2320 1003 2339 mu-

343 2360 410 2385 tata
440 2359 497 2392 est,
523 2353 769 2392 municipalibus
795 2351 847 2390 qui
879 2352 1003 2381 Romae

341 2398 527 2428 habitabant
548 2396 615 2426 iura
638 2395 745 2434 aliqua
767 2393 935 2423 imminuta
956 2393 1002 2422 fu-

342 2440 412 2477 isse,
442 2444 473 2469 et
504 2449 566 2477 quo
596 2437 694 2477 magis
726 2437 813 2466 illam
849 2436 1002 2465 iacturam

341 2493 442 2521 aequo
466 2481 570 2511 animo
594 2480 719 2515 ferrent,
736 2478 858 2508 Latinis
877 2488 1001 2507 conces-

342 2535 407 2554 sam
431 2535 508 2560 esse,
530 2526 576 2559 ut,
597 2522 650 2560 qui
674 2523 812 2552 Romam
835 2520 1001 2557 venissent,

342 2566 524 2595 sortirentur
546 2564 674 2601 tribum,
690 2564 721 2594 in
737 2573 799 2602 qua
819 2562 1001 2601 suffragium

342 2609 466 2637 ferrent.

385 2660 403 2686 4
432 2652 472 2680 Ut
498 2650 626 2679 concilio
652 2649 732 2678 diem
757 2648 921 2684 eximeret]
956 2646 1003 2676 Ut

343 2690 427 2719 hunc
451 2691 532 2720 diem
557 2690 690 2720 concilio
713 2689 854 2728 impendi
873 2692 1002 2723 vetaret,

344 2742 457 2770 nempe
485 2732 715 2762 intercedendo.
763 2733 852 2761 Diem
877 2740 1003 2769 quoque

343 2784 436 2812 saepe
460 2773 573 2810 aliquis
596 2774 730 2803 dicendo
753 2774 915 2807 eximebat,
939 2773 1002 2802 sive

344 2816 477 2847 lullclml,
494 2814 641 2852 (utroque
659 2814 740 2844 enim
760 2815 852 2843 verbo
873 2816 1001 2844 uteban-

1048 1970 1114 2011 tur)
1131 1971 1154 2001 si
1174 1975 1328 2011 perpetua
1343 1971 1484 2002 oratione
1501 1972 1584 2002 diem
1601 1983 1709 2003 consu-

1048 2017 1158 2043 meret.
1180 2014 1284 2045 szv.

1090 2064 1106 2095 5
1131 2058 1169 2086 In
1193 2058 1309 2094 cornu]
1346 2057 1385 2086 In
1408 2060 1550 2087 extrema
1572 2060 1627 2086 aut
1650 2057 1711 2096 pri-

1047 2109 1133 2128 more
1154 2099 1386 2135 subselliorum,
1402 2098 1434 2128 in
1458 2109 1565 2128 arcum
1589 2102 1644 2129 aut
1666 2110 1711 2129 se—

1046 2140 1201 2170 micirculi
1214 2141 1347 2170 formam
1361 2141 1598 2178 collocatorum,
1611 2145 1710 2180 parte.

1047 2183 1186 2213 Srno'rn.

1089 2223 1107 2254 6
1130 2226 1301 2254 Publicani
1328 2235 1389 2264 per
1418 2225 1570 2262 vacuum]
1602 2225 1710 2255 Publi-

1047 2267 1117 2296 cani
1135 2267 1313 2303 conglobati
1329 2270 1361 2296 et
1377 2277 1477 2297 cuneo
1493 2267 1577 2297 facto
1593 2267 1711 2306 irrupe-

1047 2312 1120 2338 runt
1137 2319 1193 2347 pcr
1209 2309 1326 2346 locum,
1342 2309 1374 2338 in
1391 2319 1428 2338 ea
1443 2312 1533 2348 parte
1551 2310 1636 2339 unde
1657 2319 1711 2348 po-

1048 2352 1142 2389 pulus
1165 2354 1342 2380 summotus
1358 2355 1434 2388 erat,
1452 2361 1596 2382 vacuum.
1641 2351 1710 2381 Tri-

1046 2393 1123 2422 buni
1140 2394 1296 2432 populum
1313 2397 1605 2430 summoverant,ut
1617 2403 1712 2432 supra

1048 2440 1257 2465 memoratum
1275 2439 1330 2465 est.
1378 2436 1493 2474 Itaque
1508 2435 1629 2474 aliquid
1645 2438 1712 2465 erat

1046 2477 1136 2507 vacui
1153 2477 1310 2507 intervalli
1327 2477 1469 2507 tribunos
1486 2477 1568 2507 inter
1591 2481 1621 2507 et
1644 2478 1710 2516 ple-

1046 2521 1128 2550 bem.
1168 2520 1217 2549 Eo
1234 2519 1397 2558 publicani
1412 2519 1601 2558 irruperunt.
1627 2520 1687 2551 CR.

1095 2569 1110 2600 7
1146 2563 1201 2592 Vos
1235 2563 1270 2591 z'n
1304 2563 1442 2592 ordinem
1475 2566 1592 2592 coactos
1626 2562 1707 2599 esse]

1047 2604 1194 2633 Vestram
1211 2603 1431 2633 auctoritatem
1447 2603 1557 2634 minui.
1574 2604 1611 2634 cf.
1625 2613 1709 2642 supr.

1047 2646 1089 2676 iii.
1108 2654 1155 2685 35.
1179 2645 1217 2676 vi.
1236 2647 1284 2684 38.

1089 2689 1107 2718 8
1130 2690 1220 2719 Ilaec
1236 2699 1331 2727 quum
1346 2711 1353 2718 .
1368 2711 1374 2717 .
1389 2711 1396 2718 .
1409 2692 1479 2718 acta
1496 2688 1612 2724 essent]
1629 2685 1707 2716 Gro-

1048 2730 1158 2760 novius
1181 2734 1289 2759 contra
1312 2730 1406 2759 fidem
1429 2739 1494 2759 mss.
1512 2733 1542 2759 ct
1558 2729 1629 2758 edd.
1646 2727 1706 2765 legi

1048 2772 1136 2801 iussit
1162 2773 1257 2808 istem,
1281 2781 1375 2810 quem
1399 2776 1558 2801 auctorem
1582 2772 1707 2799 secutus

1048 2818 1091 2843 cst
1113 2813 1248 2843 Bekkcr.
