1871 3178
514 96 631 139 LIB.
674 99 861 142 XXVII.
907 104 1049 145 CAP.
1089 110 1148 147 14.
1438 116 1516 155 357

152 183 161 199 ‘
179 193 261 233 quo
291 182 482 224 omisistis
513 200 705 242 pugnam.
772 190 856 237 Qui
885 206 1009 246 pavor
1037 193 1115 242 hic,
1143 197 1214 250 qui
1248 206 1386 247 terror,
1409 218 1514 256 quae
1535 213 1573 243 U.
1592 214 1627 243 (·.
1651 223 1720 251 543-

150 240 360 291 ‘repente,
395 242 480 291 (ui,
514 253 555 283 et
585 260 677 284 cum
711 247 859 301 quibus
892 251 1140 303 pugnaretis,
1174 254 1325 295 oblivio
1357 257 1565 299 annuos-A·
1591 258 1627 285 ‘²
1652 266 1719 297 ²09·

149 294 318 348 ‘cepit‘f
382 297 543 355 Nempe
576 301 700 342 iidem
731 313 827 344 sunt
857 304 899 344 hi
930 305 1078 355 hostes,
1105 324 1207 363 quos
1237 312 1441 355 vincendo
1472 326 1513 356 et

149 349 303 391 ‘victos
335 357 548 410 sequendo
583 359 759 413 priorem
793 370 987 403 aestatem
1021 365 1325 422 absumpsistis3
1364 372 1512 426 quibus

148 406 262 448 ‘dies
293 422 516 468 noctesque
548 416 798 468 fugientibus
828 433 902 473 per
929 420 1002 461 hos
1030 421 1117 463 dies
1149 424 1375 476 institistis3
1409 444 1511 483 quos

146 463 331 507 ‘levibus
371 470 534 524 proeliis
570 473 791 527 fatigastis3
839 491 941 531 quos
981 477 1173 521 hesterno
1209 482 1275 524 die
1318 500 1394 525 nec
1434 487 1511 526 iter

145 526 155 543 ‘
173 521 317 573 facere,
342 541 417 567 nec
445 539 576 569 castra
602 545 755 585 ponere
786 533 889 587 passi
919 535 1025 576 estis.
1090 538 1250 580 Omitto
1277 556 1337 589 ea,
1360 543 1509 597 quibus

111 578 335 632 4‘gloriari
357 586 552 638 potestis:
586 588 702 627 cuius·
730 597 771 629 ct
799 590 925 644 ipsius
952 593 1108 647 pudere
1135 611 1180 636 ac
1206 599 1417 652 poenitere
1439 616 1509 641 vos

143 640 343 691 6ωροτῐοῐ,
376 641 556 683 referam.
622 644 799 701 Nempe,
829 649 970 703 aequis
1001 652 1188 693 manibus
1219 654 1410 697 hesterno
1441 658 1508 698 die

142 698 153 715 ‘
169 693 389 737 diremistis
410 713 602 754 pugnam.
649 702 764 750 Quid
785 703 885 745 haec
907 721 1002 756 nox,
1022 709 1123 763 quid
1146 710 1212 751 hic
1233 711 1321 753 dies
1342 714 1508 756 attulit?

143 750 340 794 ‘Vestrae
372 755 434 795 his
465 758 605 812 copiae
636 759 878 802 imminutae
909 774 1016 813 sunt,
1049 781 1101 805 an
1137 767 1298 809 illorum
1330 774 1507 813 auctae?

141 808 267 849 ‘Non
295 812 489 866 equidem
519 815 619 855 mihi
649 832 743 856 eum
771 820 957 861 exercitu
988 837 1081 863 meo
1113 823 1224 879 loqui
1254 827 1406 877 videor,
1429 844 1505 870 nec

139 870 261 906 ‘cum
304 867 503 911 Romanis
543 873 766 915 militibus:
819 892 989 932 corpora
1029 888 1189 921 tantum
1230 892 1353 939 atque
1394 901 1505 927 arma

138 923 310 964 ‘eadem
345 935 451 967 sunt.
515 928 598 977 An,
635 931 665 971 si
704 933 870 974 eosdem
906 936 1063 977 animos
1100 938 1353 990 habuissetis,
1391 952 1505 999 terga

136 985 296 1022 ‘vestra
320 983 487 1025 vidisset
519 986 679 1029 hostis?
709 990 826 1044 signa
855 992 976 1032 alicui
1009 996 1218 1051 manipulo
1247 1008 1317 1039 aut
1345 1000 1503 1041 cohorti

103 1038 426 1081 s‘abstulisset?
487 1043 640 1085 Adhuc
680 1048 807 1088 caesis
850 1048 1049 1091 Romanis
1089 1052 1317 1107 legionibus
1355 1057 1503 1111 gloria-

135 1095 292 1137 ‘batun
356 1098 441 1139 Vos
476 1100 535 1140 illi
571 1102 772 1143 hodierno
807 1105 874 1145 dic
916 1108 1094 1161 primum
1130 1111 1256 1165 fugati
1298 1115 1501 1155 exercitus

135 1152 331 1194 ‘dedistis
359 1155 511 1197 decus.'
572 1158 742 1200 Clamor
769 1161 865 1202 inde
893 1174 1018 1213 ortuS,
1042 1175 1087 1206 ut
1115 1168 1275 1208 veniam
1305 1170 1391 1211 eius
1416 1171 1499 1212 dici

132 1209 274 1259 daret3
323 1212 393 1252 ubi
434 1214 569 1263 vellet,
611 1216 762 1258 deinde
809 1221 1065 1274 experiretur
1110 1225 1287 1266 militum
1332 1243 1498 1269 suorum

131 1267 301 1308 animos.
365 1270 483 1325 ‘Ego
523 1287 619 1313 vcro
659 1276 872 1330 expe1·iar,’
908 1278 1054 1334 inquit,
1101 1282 1300 1323 ‘militcs:
1349 1294 1389 1325 et
1430 1302 1499 1327 vos

133 1326 336 1367 ‘erastino
364 1327 432 1368 die
464 1328 505 1368 in
537 1331 666 1371 aciem
699 1332 885 1383 educam,
916 1344 961 1375 ut
992 1337 1164 1378 victores
1196 1341 1344 1395 potius,
1374 1358 1498 1397 quam

132 1386 143 1403 ‘
158 1381 267 1431 victi,
290 1384 451 1424 veniam
475 1386 714 1442 impetretis,
739 1405 861 1444 quam
884 1393 1048 1446 petitis.'
1109 1395 1373 1447 Cohortibus,
1392 1415 1497 1455 quae

128 1438 246 1493 signa
273 1441 504 1492 amiserant,
528 1444 728 1486 hordeum
751 1447 838 1487 dari
867 1449 1006 1491 iussit:
1039 1454 1383 1511 centurionesque
1412 1472 1498 1498 rna-

97 1496 379 1551 6nipulorum,
403 1516 579 1554 quorum
610 1503 725 1557 signa
753 1505 899 1545 amissa
926 1507 1099 1557 fuerant,
1122 1509 1324 1552 destrictis
1351 1513 1497 1568 gladiis

129 1552 350 1596 discinctos
371 1556 584 1607 destituit3
618 1569 670 1608 ct,
694 1570 738 1601 ut
766 1571 928 1616 postero
957 1564 1023 1605 die
1052 1581 1206 1616 onmes,
1230 1570 1403 1624 equites,
1425 1586 1498 1626 pe-

128 1610 246 1661 dites,
279 1614 422 1654 armati
459 1615 660 1666 adessent,
694 1618 835 1659 edixit.
899 1619 963 1661 Ita
993 1623 1138 1664 concio
1169 1625 1336 1667 dimissa
1364 1627 1497 1669 faten-

129 1668 244 1718 tium,
268 1669 355 1710 iure
381 1686 427 1711 ac
455 1673 601 1714 merito
629 1689 715 1715 sese
743 1675 990 1732 increpitos3
1024 1695 1160 1736 neque
1182 1682 1252 1723 illo
1273 1683 1340 1725 die
1362 1685 1495 1726 virum

127 1740 379 1782 quemquam
410 1728 452 1768 in
483 1730 569 1770 acie
593 1731 783 1773 Romana
802 1733 937 1784 fuisse,
964 1746 1128 1791 praeter
1158 1755 1287 1780 unum
1317 1741 1492 1792 ducem3

126 1783 193 1822 cui
223 1794 294 1825 aut
329 1795 459 1826 morte
496 1788 843 1839 satisfaciendum,
875 1802 946 1833 aut
981 1796 1146 1850 egregia
1175 1797 1346 1839 victoria
1376 1810 1491 1841 esset.

126 1838 298 1882 Postero
319 1842 385 1883 die
407 1845 539 1885 ornati
568 1847 795 1902 armatique
824 1849 875 1889 ad
903 1850 1086 1892 edictum
1112 1853 1292 1896 aderant.
1355 1856 1493 1912 Impe-

124 1906 234 1938 rator
263 1914 333 1940 eos
363 1899 580 1951 collaudat,
603 1905 939 1961 pronuntiatque,
979 1914 1029 1948 ‘a
1064 1911 1213 1964 quibus
1243 1921 1331 1953 orta
1359 1914 1492 1969 pridie

126 1954 250 2010 ‘fuga
278 1966 395 2006 esset,
418 1958 702 2015 cohortesque,
725 1978 830 2016 quae
861 1964 977 2018 signa
1006 1967 1247 2017 amisissent,
1269 1985 1311 2010 se
1339 1971 1382 2010 in
1410 1972 1493 2026 pri-

125 2016 261 2052 ‘mam
302 2014 432 2054 aciem
473 2015 752 2057 inducturum„
827 2019 1002 2062 Edicere
1044 2023 1124 2063 iam
1164 2040 1264 2073 sese,
1301 2029 1491 2069 omnibus

124 2071 423 2124 ‘pugnandum
454 2087 499 2112 ac
528 2073 777 2114 vincendum
807 2091 918 2117 esse:
952 2087 993 2118 et
1020 2080 1292 2122 annitendum
1320 2084 1490 2139 singulis

124 2131 135 2148 ⁶
153 2127 448 2183 universisque,
477 2145 528 2170 ne
561 2131 672 2185 prius
702 2131 916 2174 hesternae
947 2135 1080 2191 fugae,
1110 2152 1235 2192 quam
1266 2139 1488 2183 hodiernae

123 2183 356 2233 ‘victoriae‚
393 2186 500 2227 fama
537 2187 713 2229 Romam
753 2191 988 2244 peiw'eniat.’
1048 2193 1152 2235 Inde
1187 2196 1279 2237 cibo
1319 2212 1490 2254 corpora

122 2240 282 2282 firmare
306 2242 415 2292 iussi,
439 2252 497 2292 ut,
520 2244 552 2284 si
574 2244 735 2301 longior
761 2262 900 2303 pugna
927 2259 1044 2300 esset,
1067 2251 1220 2292 viribus
1241 2254 1484 2297 sufficerent.

123 2297 208 2338 Ubi
237 2300 375 2340 onmia
402 2301 512 2341 dicta
531 2302 719 2358 factaque
747 2314 854 2354 sunt,
878 2307 1028 2360 quibus
1055 2309 1335 2351 excitarentur
1361 2313 1487 2353 animi

121 2354 311 2404 militum,
335 2356 377 2396 in
408 2358 536 2398 aciem
567 2360 808 2414 procedunt.
875 2362 1004 2410 Quod
1032 2366 1101 2406 ubi
1125 2366 1351 2408 Hannibali
1379 2385 1486 2410 nun-
1566 2373 1627 2412 14.

121 2412 265 2452 tiatum
288 2422 374 2453 est:
411 2420 421 2437 ‘
437 2414 547 2455 Cum
569 2431 617 2456 eo
639 2417 860 2468 nimirum,’
880 2421 1028 2475 inquit,
1063 2423 1204 2464 ‘hoste
1231 2439 1294 2464 res
1319 2436 1391 2475 est,
1414 2428 1484 2482 qui
1499 2426 1653 2507 ἷξζὲῗῖἓῗῃ

161 2547 180 2574 4
196 2536 297 2566 Cuius
312 2541 342 2567 et
357 2538 474 2576 ipsius]
495 2539 533 2568 Id
547 2540 780 2579 referam,quod
825 2552 912 2572 mum
929 2544 1068 2575 dedistis.
1093 2546 1195 2576 Cnnv.

120 2578 206 2608 vobis
221 2578 325 2617 ipsum
341 2580 453 2617 pudori
466 2590 531 2610 esse
544 2582 682 2618 deberet,
695 2593 779 2612 nem-
866 2584 885 2614 6
901 2587 1067 2616 Destriclis
1078 2589 1194 2625 yladiis
1206 2590 1384 2629 discinctos]
1395 2594 1484 2624 Stare

120 2630 158 2658 pe
181 2627 349 2658 aequatam
370 2622 456 2651 vobis
479 2623 624 2653 hesterno
641 2624 691 2654 die
708 2635 779 2655 cum
824 2637 877 2656 eos
899 2627 1072 2658 Marcellus
1095 2629 1183 2660 iussit
1208 2641 1264 2670 per
1285 2633 1483 2672 aliquantum

118 2663 259 2692 hostibus
276 2673 423 2702 pugnam.
449 2665 552 2695 ΟΜΝ.
824 2670 984 2707 temporis.
1009 2671 1177 2701 discinctos
1203 2684 1274 2703 cum
1301 2677 1426 2707 nudatis
1451 2683 1483 2709 et

160 2713 176 2744 5
200 2706 315 2736 Adhuc
337 2707 451 2744 caesis]
480 2707 647 2738 Hactenus
668 2709 778 2747 gloria·
823 2711 995 2746 evaginatis
1013 2714 1143 2751 gladiis:
1171 2717 1253 2753 (mod
1273 2723 1338 2747 erat
1362 2729 1482 2758 poenae

117 2747 209 2777 batur
226 2748 389 2777 Hannibal
407 2759 514 2778 caesas
533 2760 551 2779 a
568 2760 600 2780 se
618 2751 780 2781 Romanas
823 2753 966 2783 militaris
987 2765 1097 2793 genus,
1114 2763 1322 2789 memoratum
1339 2771 1389 2801 ap.
1406 2763 1480 2794 Sue-

118 2789 273 2828 legiones:
297 2794 328 2820 at
353 2801 514 2829 nunquam
538 2791 673 2831 integras
693 2794 777 2833 fuga-
824 2800 886 2826 ton.
904 2797 984 2835 Aug.
1004 2806 1050 2835 24.
1075 2799 1178 2830 CREV.

118 2835 213 2863 verat.
261 2833 326 2863 Vos
349 2833 377 2863 ei
400 2833 460 2863 hoc
483 2834 579 2864 decus
602 2835 694 2866 hodie
718 2836 777 2875 pri-
