1877 3178
359 103 440 141 386

865 98 1014 140 TITI
1055 98 1233 139 LIVII

157 198 201 228 U.
219 197 256 228 C.
279 189 508 237 545.bitum.
570 187 683 229 Nam
725 196 767 228 et
807 188 906 228 belli
948 197 1078 228 terror
1113 187 1348 243 duplicatus
1389 189 1487 229 novi
1526 188 1655 229 hostis
1696 189 1741 227 in

156 240 195 270 A.
221 240 258 270 C.
281 246 351 278 207.

163 923 334 953 Exercitus

163 969 274 995 contra

164 1007 351 1036 Hasdruba-

163 1049 227 1078 lem
245 1051 277 1077 et

163 1089 332 1119 Hanniba-

163 1132 238 1162 lem.

365 245 528 286 Italiam
550 245 731 285 adventu
749 261 757 285 :
792 252 834 285 et
854 245 991 284 minus
1012 244 1238 284 iuventutis
1259 253 1359 293 erat,
1382 244 1494 285 unde
1516 245 1743 285 seriberent

365 301 528 342 milites.
581 301 728 355 Itaque
752 300 919 340 colonos
940 300 1067 340 etiam
1088 300 1327 348 maritimos,
1351 301 1424 354 qui
1444 309 1776 342 sacrosanctam9

365 358 624 398 vacationem
641 357 886 397 dicebantur
906 356 1070 404 habere,
1089 356 1186 396 dare
1208 356 1359 396 milites
1375 357 1589 411 cogebant.
1637 355 1744 403 Qui-

365 415 443 454 bus
463 414 760 461 recusantibus,
784 413 952 452 edixere
980 413 1024 452 in
1050 412 1162 452 diem
1190 421 1356 461 certam,
1380 421 1438 461 ut,
1462 428 1545 467 quo
1566 412 1744 466 quisque

366 470 455 510 iure
476 470 732 510 vacationem
762 469 944 517 haberet,
967 468 1019 508 ad
1047 477 1237 508 senatum
1262 468 1452 509 deferret.
1516 467 1579 508 Ea
1605 467 1673 507 die
1701 467 1746 507 hi

367 525 512 581 populi
539 526 591 566 ad
619 534 809 565 senatum
835 534 1064 565 venerunt:
1101 524 1318 573 Ostiensis,
1342 524 1557 572 Alsiensis,
1581 523 1745 571 Antias,

369 582 578 630 Anxuras,
617 581 934 629 Minturnensis,
974 580 1259 629 Sinuessanus,
1297 591 1339 620 et
1373 581 1424 621 ab
1460 595 1609 635 supero
1644 579 1747 619 mari

371 638 577 679 Senensis.
643 637 787 684 Quum
821 637 1055 677 vacationes
1090 652 1182 677 suas
1218 637 1394 691 quisque
1429 636 1609 691 populus
1643 635 1748 675 reci-

368 703 497 742 taret3
519 693 686 741 nullius,
704 707 834 747 quum
855 693 899 732 in
921 692 1043 732 Italia
1062 693 1190 732 hostis
1211 702 1328 741 esset,
1351 701 1515 747 praeter
1530 691 1749 731 Antiatem

372 750 707 803 Ostiensemque,
729 748 888 788 vacatio
909 749 1122 788 observata
1143 757 1226 788 cst:
1260 758 1302 788 et
1326 763 1467 788 earum
1492 747 1749 788 coloniarum
1766 763 1779 783 1

370 806 552 846 iuniores
572 804 838 845 iureiurando
860 804 1008 852 adacti,
1031 819 1154 858 supra
1173 805 1262 844 dies
1284 804 1454 858 triginta
1483 819 1569 844 non
1599 818 1750 858 perno-

371 871 552 902 ctaturos
572 876 614 901 se
636 875 723 901 esse
741 870 859 900 extra
878 860 1044 900 moenia
1064 860 1249 900 coloniae
1271 875 1381 908 suae,
1401 861 1510 900 done
1531 860 1685 900 chostis
1705 859 1750 899 in

372 918 494 958 Italia
521 926 637 957 esset.
704 917 848 963 Quum
876 930 1021 956 omnes
1048 925 1278 965 censerent,
1301 917 1434 971 primo
1456 931 1623 971 quoque
1646 924 1751 956 tem-

371 989 470 1029 pore
502 972 741 1013 consulibus
772 971 957 1011 eundum
988 972 1040 1012 ad
1073 972 1240 1021 bellum,
1276 974 1392 1027 (nam
1425 981 1467 1013 et
1498 971 1751 1012 Hasdrubali

372 1029 675 1070 occurrendum
698 1043 785 1068 esse
807 1028 1078 1068 descendenti
1099 1029 1149 1069 ab
1168 1029 1359 1083 Alpibus,
1376 1044 1429 1069 ne
1450 1028 1594 1069 Gallos
1617 1028 1751 1069 Cisal-

371 1085 504 1141 pinos,
536 1100 640 1124 neve
671 1084 895 1132 Etruriam,
925 1093 1105 1124 erectam
1138 1085 1182 1124 in
1217 1099 1332 1139 spem
1368 1100 1505 1125 rerum
1536 1100 1783 1133 novarum,2

371 1141 634 1183 sollicitaret:
668 1148 709 1181 et
732 1139 1013 1180 Hannibalem
1035 1156 1109 1181 suo
1131 1141 1297 1195 proprio
1318 1141 1608 1196 occupandum
1627 1141 1750 1189 bello,

371 1213 424 1238 ne
461 1212 672 1251 emergere
706 1211 759 1236 ex
792 1196 967 1237 Bruttiis
1003 1205 1128 1251 atque
1162 1198 1325 1237 obviam
1357 1197 1471 1238 fratri
1504 1197 1562 1237 ire
1595 1196 1753 1252 posset)

371 1254 517 1295 Livius
539 1254 823 1302 cunctabatur,
846 1268 992 1308 parum
1013 1254 1147 1294 fidens
1167 1268 1333 1294 suarum
1354 1253 1658 1308 provinciarum
1680 1268 1753 1294 ex—

371 1310 593 1351 ercitibus:
627 1309 827 1364 collegam
852 1325 905 1350 ex
930 1310 1093 1350 duobus
1120 1310 1404 1351 consularibus
1431 1309 1608 1365 egregiis
1635 1324 1753 1350 exer-

372 1368 534 1415 citibus,
557 1375 600 1407 et
627 1367 762 1415 tertio,
785 1366 853 1406 eui
885 1366 937 1413 Q.
961 1365 1163 1406 Claudius
1192 1366 1365 1407 Tarenti
1395 1375 1616 1421 praeesset,
1645 1366 1752 1406 elee—
1767 1383 1785 1413 3

373 1424 529 1464 tionem
555 1423 733 1463 habere:
767 1422 1048 1477 intuleratque
1082 1423 1339 1463 mentionem
1364 1423 1416 1463 de
1442 1422 1659 1463 volonibus
1688 1437 1753 1463 re-

372 1479 568 1520 vocandis
589 1479 642 1519 ad
662 1479 790 1533 signa.
856 1478 1034 1519 Senatus
1055 1479 1225 1519 liberam
1247 1488 1494 1534 potestatem
1516 1479 1754 1520 consulibus

372 1536 482 1583 fecit,
509 1544 551 1575 et
581 1535 817 1589 supplendi,
844 1535 956 1575 unde
990 1535 1157 1584 vellent,
1192 1544 1234 1575 et
1266 1535 1448 1590 eligendi
1479 1536 1531 1575 de
1563 1535 1755 1576 omnibus

373 1591 637 1638 exercitibus,
660 1606 764 1644 quos
789 1591 955 1639 vellent,
982 1592 1347 1646 permutandique,
1370 1601 1412 1632 et
1439 1607 1491 1632 ex
1519 1591 1754 1646 provinciis,

374 1662 479 1702 quos
513 1662 535 1687 e
571 1646 784 1700 republica
817 1656 1035 1687 censerent
1070 1662 1171 1696 esse,
1204 1648 1460 1688 traducendi.
1524 1648 1588 1688 Ea
1617 1648 1756 1688 omnia

374 1717 469 1743 cum
495 1717 655 1742 summa
679 1697 900 1742 concordia
927 1703 1143 1743 consulum
1172 1712 1272 1743 aeta.
1335 1703 1521 1744 Volones
1550 1704 1592 1743 in
1622 1703 1756 1744 unde-

374 1759 613 1799 vicesimam
643 1767 685 1798 et
714 1758 951 1798 vicesimam
984 1759 1168 1813 legiones
1201 1759 1354 1814 scripti.
1418 1759 1567 1813 Magni
1598 1760 1756 1800 roboris

374 1815 530 1856 auxilia
555 1829 608 1855 ex
631 1814 836 1869 Hispania
863 1829 1031 1869 quoque
1060 1830 1083 1855 a
1111 1814 1157 1855 P.
1180 1815 1374 1870 Scipione
1403 1815 1464 1855 M.
1485 1816 1606 1856 Livio
1634 1816 1756 1856 missa

375 1871 545 1926 quidam
579 1870 631 1911 ad
661 1871 705 1910 id
737 1870 892 1911 bellum
928 1879 1114 1911 auctores
1149 1881 1271 1912 sunt:
1311 1881 1404 1912 octo
1440 1872 1569 1912 millia
1601 1871 1755 1927 Hispa-

375 1942 523 1968 norum
562 1926 878 1981 Gallorumque,
912 1936 954 1967 et
989 1927 1073 1968 duo
1107 1927 1238 1967 millia
1272 1928 1324 1968 de
1360 1928 1524 1983 legione
1561 1928 1787 1978 militum,4

1517 1984 1578 2025 M.
1598 1984 1755 2026 Luere-

375 1983 566 2038 equitum
595 1983 720 2031 mille,
743 1983 895 2023 mixtos
917 1983 1125 2024 Numidas
1147 1983 1453 2039 Hispanosque.

422 2136 442 2166 9
469 2127 727 2164 sacrosanctam]
768 2136 811 2156 sc.
833 2125 1045 2156 Iureiurando
1132 2137 1148 2157 2
1172 2129 1323 2159 Erectam
1353 2129 1388 2158 in
1416 2138 1502 2167 spem
1526 2139 1635 2159 rerum
1660 2139 1756 2160 nova—

376 2167 563 2206 interposito
581 2168 749 2203 sancitam,
763 2167 809 2197 ita
831 2171 867 2197 ut
889 2167 956 2198 sine
979 2178 1044 2197 ma-
1088 2171 1178 2207 rum]
1200 2170 1367 2200 Arrectam
1380 2173 1411 2199 et
1423 2180 1608 2209 suspensam
1620 2171 1653 2200 in
1665 2180 1756 2210 spem

375 2219 437 2247 gno
460 2210 578 2239 scelere
598 2209 708 2239 violari
731 2219 795 2239 11011
818 2213 933 2248 posset.
980 2210 1044 2239 Ita·
1089 2211 1234 2240 mutandi
1265 2210 1376 2248 status,
1398 2215 1441 2248 et,
1467 2221 1602 2241 excusso
1631 2212 1756 2251 imperii

377 2261 439 2289 que
457 2251 638 2280 vacationes
654 2251 851 2280 coloniarum
872 2251 1045 2280 maritima-
1091 2252 1230 2282 Romani
1254 2252 1337 2291 iugo,
1356 2253 1457 2283 socios
1479 2253 1757 2292 Carthaginienses

376 2302 446 2321 rum
464 2296 678 2322 sacrosanctas
688 2292 768 2321 dixit
780 2292 900 2329 Livius,
910 2296 945 2322 ut
958 2303 1046 2330 quaS,
1089 2293 1273 2324 asciscendi.
1297 2295 1402 2324 CREV.

376 2334 567 2363 anctoritate
597 2333 709 2372 populi
737 2333 877 2363 Romani
903 2337 935 2363 et
964 2334 1045 2364 iura—
1133 2345 1150 2373 3
1168 2338 1215 2365 Et
1229 2337 1332 2371 tertio,
1347 2337 1399 2366 cni
1413 2338 1448 2373 Q.
1457 2336 1613 2367 Claudius
1626 2338 1756 2368 Tarenti

377 2380 486 2405 mento
499 2375 650 2412 firmatas,
660 2374 779 2404 nemini
792 2375 909 2405 violare
925 2374 1045 2413 liceret,

377 2418 417 2446 ob
433 2416 529 2455 idque
544 2427 603 2446 nec
618 2417 737 2446 invitae
752 2417 827 2446 dare
843 2416 961 2447 milites
976 2417 1044 2456 cogi

376 2462 515 2497 possent.
541 2459 708 2489 Domrus.

422 2510 433 2529 1
460 2502 506 2530 Et
530 2511 641 2530 earum
667 2501 878 2537 coloniarum]
915 2500 1045 2539 Nempe

377 2541 465 2570 Antii
487 2546 518 2571 et
536 2542 657 2578 Ostiae,
673 2542 789 2580 quibus
804 2552 903 2580 quum
920 2543 1044 2572 vacatio

376 2583 448 2612 ideo
471 2584 609 2619 daretur,
634 2593 675 2612 ne
701 2583 917 2613 defensoribus
943 2585 1042 2613 nuda-

376 2629 484 2653 rentur
509 2624 639 2663 oppida,
660 2635 741 2663 quae
761 2634 954 2664 magnopere
977 2626 1042 2655 Ro-

375 2674 541 2695 manorum
568 2667 718 2696 intererat
744 2676 808 2696 non
832 2667 977 2705 intercipi
1002 2668 1042 2696 ab

374 2706 528 2741 hostibus,
555 2714 804 2737 consentaneum
832 2713 910 2743 erat,
936 2714 970 2737 ut
998 2709 1042 2738 iu-

374 2746 477 2775 niores
503 2749 542 2776 ab
567 2748 603 2778 iis
627 2760 688 2778 non
711 2750 871 2780 discedere
898 2750 1041 2779 iuberen-

374 2792 434 2818 tur.
459 2789 560 2819 Cium

1085 2380 1262 2415 praeesset]
1272 2378 1419 2408 Duorum
1426 2382 1550 2407 tantum
1559 2378 1756 2408 exercituum

1089 2418 1202 2448 electio
1219 2420 1313 2448 datur
1328 2419 1461 2456 consuli,
1477 2420 1525 2449 cui
1544 2420 1662 2450 Bruttii
1686 2431 1756 2459 pro-

1090 2460 1194 2489 vincia
1216 2460 1383 2497 evenisset,
1398 2471 1482 2499 supr.
1501 2470 1549 2500 35.
1596 2461 1757 2493 omiserat

1088 2511 1205 2540 nempe
1219 2502 1328 2532 Livius
1344 2502 1447 2540 priore
1462 2502 1520 2532 illo
1535 2503 1606 2532 loco
1622 2503 1755 2533 mentio-

1088 2553 1161 2572 nem
1178 2544 1281 2573 facere
1296 2544 1391 2573 huius
1404 2544 1561 2574 exercitus
1573 2545 1754 2575 Claudiani.

1087 2584 1120 2614 N
1125 2595 1187 2614 11110
1211 2584 1300 2615 aliud
1322 2586 1444 2623 agendo
1470 2586 1596 2624 reponit
1615 2586 1648 2616 id
1669 2587 1754 2624 quod

1086 2631 1163 2655 tune
1179 2627 1441 2664 praetermiserat.
1466 2628 1571 2657 CREV.

1130 2678 1148 2704 4
1164 2669 1214 2698 De
1229 2669 1350 2706 leyz'one
1365 2670 1517 2706 militum]
1536 2669 1569 2698 Si
1584 2669 1663 2699 haec
1677 2679 1754 2698 sana

1087 2713 1172 2745 sunt,
1187 2709 1331 2748 intellige
1346 2711 1481 2740 militum
1497 2712 1752 2748 lamando-iorum,

1087 2751 1140 2788 qui
1166 2756 1373 2789 opponuntur
1401 2751 1556 2789 Hispanis
1582 2755 1612 2780 ct
1638 2750 1750 2780 Gallis.

1088 2792 1173 2822 Clusi
1184 2817 1190 2821 .
