1877 3178
388 127 468 166 356
889 123 1035 165 TITI
1071 122 1247 164 LIVII

187 223 231 254 U.
248 223 285 253 C.
308 232 379 261 543
393 214 519 270 regio,
541 214 629 255 51110
651 213 744 254 111115
764 214 816 255 ad
837 214 1003 255 insidias
1025 213 1215 254 latebris·
1207 245 1216 261 ,
1248 214 1387 278 itaque
1413 214 1457 254 in
1477 214 1566 255 loca
1585 215 1762 256 saltuosa

187 266 226 297 A·
251 265 288 296 C·
311 274 381 305 ²09·
395 271 541 313 cedere
563 271 660 312 inde
682 272 828 327 coepit.
891 270 1115 312 Marcellus
1135 271 1315 326 vestigiis
1337 271 1525 320 instabat,
1547 281 1758 336 castraque

395 328 534 370 castris
566 328 826 369 conferebat:
859 338 913 377 et,
939 343 1062 384 opere
1094 328 1288 392 perfecto,
1314 328 1523 384 extemplo
1555 329 1599 368 in
1630 329 1759 370 aciem

396 386 578 442 legiones
600 386 813 427 educebat.
877 375 1102 434 Hannibal,
1125 386 1335 425 turmatim
1363 401 1437 441 per
1464 385 1624 441 equites
1644 386 1761 442 pedi-

397 452 568 498 tumque
590 443 831 485 iaculatores
852 443 956 484 levia
977 443 1201 483 certamina
1221 458 1370 491 serens,
1389 457 1527 483 casum
1549 443 1762 483 unive1sae

397 516 559 557 pugnae
582 516 665 541 non
687 501 961 541 necessarium
982 500 1183 540 ducebat:
1217 509 1369 541 tractus
1393 509 1454 541 est
1475 509 1613 541 tamen
1633 499 1685 540 ad
1705 499 1762 548 id,

399 558 512 614 quod
545 558 711 606 vitabat,
747 567 966 598 certamen.
1043 557 1178 598 Nocte
1214 572 1496 613 praegressum
1535 557 1766 613 assequitur

398 615 498 656 10015
518 615 650 670 planis
670 630 716 655 ac
736 615 970 671 patentibus
988 614 1232 655 Marcellus:
1256 624 1385 655 castra
1405 614 1502 655 inde
1524 623 1763 669 ponentem,

194 686 356 718 Proelium
400 672 625 728 pugnando
656 672 841 727 undique
872 688 915 712 111
945 672 1182 721 munitores,
1215 672 1407 727 operibus
1436 672 1639 727 prohibet.
1701 670 1767 711 Ita

194 740 295 768 aequo
400 730 517 794 signa
536 729 694 778 collata,
716 738 1028 785 pugnatumque
1050 729 1145 769 totis
1166 729 1318 785 copiis:
1352 739 1406 778 et,
1429 744 1558 784 quum
1579 729 1661 769 iam
1681 743 1766 768 nox

195 773 311 802 Marte.
401 787 585 836 instaret,
608 786 743 827 Marte
775 802 907 842 aequo
934 787 1157 826 discessum
1188 795 1259 827 est.
1325 785 1482 836 Castra,
1504 786 1655 841 exiguo
1685 785 1768 826 dis·-

402 845 533 885 tantia
552 844 696 908 spatio,
718 844 867 899 raptim
892 854 985 884 ante
1014 852 1178 884 noctem
1199 844 1444 908 permunita
1505 843 1678 884 Postero
1699 842 1766 883 die

402 901 494 942 luce
521 902 653 957 prima
676 900 934 941 Mar'cellus
926 916 969 940 111
996 900 1126 940 aciem
1154 901 1290 956 copias
1315 901 1471 941 eduxit.
1535 900 1626 941 Nec
1649 900 1768 940 Han-

403 958 515 999 nibal
536 958 778 998 detrectavit
799 966 1019 1006 certamen,
1038 957 1176 998 multis
1192 958 1325 998 verbis
1346 958 1584 998 adhortatus
1604 957 1767 1005 milites,

406 1021 417 1038 ‘
433 1024 491 1064 ut,
509 1029 710 1055 memores
727 1014 961 1055 Trasimeni
980 1014 1317 1069 Cannarumque,
1340 1015 1644 1056 contunderent
1663 1014 1769 1055 fero-

406 1078 416 1095 ‘
433 1072 537 1113 ciam
559 1071 710 1112 hostis:
744 1086 889 1126 urgere
915 1080 1038 1126 atque
1066 1072 1215 1112 instare
1244 1087 1364 1112 eum:
1398 1087 1482 1111 non
1511 1072 1588 1112 iter
1609 1071 1769 1126 quietos

407 1135 418 1152 ‘
433 1130 579 1178 facere,
602 1144 686 1169 non
707 1137 837 1168 castra
863 1143 1017 1183 ponere
1046 1128 1144 1183 pati,
1167 1143 1251 1168 non
1279 1128 1476 1183 respirare
1506 1137 1576 1169 aut
1596 1129 1770 1169 circum-

407 1192 418 1210 ‘
433 1187 615 1242 spicere:
663 1186 849 1241 quotidie
890 1185 1011 1225 simul
1052 1185 1252 1226 orientem
1292 1185 1419 1226 solem
1460 1194 1501 1226 et
1539 1185 1770 1226 Romanam

408 1250 418 1267 ⁶
433 1244 563 1284 aciem
584 1244 627 1283 in
649 1243 803 1298 campis
823 1242 1044 1283 videndam
1066 1258 1163 1283 esse.
1228 1242 1271 1283 Si
1293 1258 1376 1283 uno
1400 1242 1556 1298 proelio
1576 1242 1689 1283 haud
1709 1242 1772 1282 in-

407 1307 418 1324 (
434 1309 630 1342 cruentus
657 1301 787 1349 abeat,
811 1300 990 1355 quietius
1017 1299 1168 1341 deinde
1195 1299 1538 1355 tranquilliusque
1567 1315 1663 1341 eum
1686 1299 1774 1340 bel-

200 1370 345 1400 Alterum
406 1365 418 1383 ‘
434 1358 638 1399 laturum.’
698 1357 778 1397 His
812 1357 958 1397 irritati
993 1357 1360 1406 adhortationibus,
1396 1357 1600 1412 simulque
1637 1357 1773 1398 taedio

200 1412 369 1458 proelium,
407 1416 581 1456 ferociae
632 1415 811 1455 hostium
862 1414 1047 1469 quotidie
1097 1415 1339 1455 instantium
1388 1414 1772 1469 lacessentiumque,

200 1463 311 1535 {2333ss
318 1464 394 1526 ῙΪΞΘ
407 1472 554 1513 acriter
572 1472 775 1527 proelium
798 1472 954 1512 ineunt.
1017 1472 1253 1526 Pugnatum
1282 1471 1457 1527 amplius
1478 1472 1637 1512 duabus
1664 1471 1774 1512 horis

201 1549 269 1569 nus.
408 1538 481 1571 est.
545 1528 707 1570 Cedere
729 1529 826 1569 inde
849 1531 899 1569 ab
923 1529 1122 1569 Romanis
1142 1529 1289 1570 dextra
1313 1529 1376 1570 ala
1400 1538 1441 1570 et
1462 1528 1774 1570 extraordinarii
1788 1548 1805 1579 3

408 1601 592 1651 coepere.
657 1586 783 1650 Quod
813 1586 883 1627 ubi
918 1585 1141 1627 Marcellus
1168 1586 1284 1635 vidit,
1313 1586 1687 1627 duodevicesimam
1716 1586 1772 1626 le-

408 1644 575 1699 gionem
595 1643 638 1683 in
659 1643 864 1698 primam
853 1643 983 1684 aciem
1004 1643 1175 1684 inducit.
1223 1644 1338 1684 Dum
1355 1643 1424 1684 alii
1440 1643 1591 1699 trepidi
1607 1643 1774 1692 cedunt,

410 1701 479 1742 alii
510 1700 690 1756 segniter
720 1700 910 1749 subeunt,
943 1701 1105 1741 turbata
1137 1710 1223 1741 tota
1253 1701 1359 1741 acies
1387 1709 1460 1750 est,
1487 1701 1585 1741 dein
1612 1715 1776 1755 prorsus

410 1757 524 1807 fusa3
557 1766 611 1806 et,
632 1757 823 1797 vincente
845 1756 1047 1812 pudorem
1069 1766 1194 1805 metu,
1218 1766 1332 1812 terga
1351 1757 1431 1798 dab
1434 1766 1515 1797 ant.
1574 1756 1775 1798 Cecidere

411 1815 456 1855 in
479 1830 619 1870 pugna
638 1814 817 1869 fugaque
846 1814 897 1854 ad
918 1813 1001 1854 duo
1029 1814 1156 1854 millia
1183 1823 1224 1854 01
1251 1814 1503 1870 septingenti
1532 1814 1684 1854 civium
1712 1829 1776 1854 so-

411 1872 677 1926 ciorzumque
711 1871 753 1910 in
782 1871 846 1911 his
870 1880 1065 1926 quattuor
1093 1871 1272 1911 Romani
1300 1871 1574 1920 centuriones,
1597 1870 1680 1911 duo
1706 1870 1777 1911 tri-

411 1930 512 1970 buni
534 1929 724 1977 militum,
748 1927 809 1968 M.
833 1928 1019 1968 Licinius
1040 1937 1081 1968 et
1102 1928 1163 1969 JM.
1189 1928 1375 1969 Helvius
1440 1927 1566 1983 Signa
1586 1928 1778 1968 militaria

412 1995 606 2041 quattuor
629 1985 680 2026 dc
711 1985 785 2034 ala,
815 1985 947 2040 prima
971 2001 1076 2040 quae
1108 1986 1240 2040 fugit3
1272 1985 1355 2026 duo
1388 1985 1440 2025 de
1468 1985 1644 2040 legione,
1671 2000 1776 2040 quae

412 2043 654 2084 cedentibus
674 2043 793 2083 sociis
814 2052 1075 2091 successerat,
1097 2043 1253 2083 amissa.

273 2112 336 2149 13,
471 2100 706 2148 Marcellus,
738 2108 957 2155 postquam
990 2100 1033 2140 in
1065 2109 1195 2140 castra.
1221 2099 1399 2140 reditum
1428 2108 1501 2148 est,
1535 2099 1778 2140 concionem

207 2166 376 2213 Exercitus
413 2158 516 2199 adeo
537 2172 696 2198 saevam
718 2166 841 2212 atque
863 2157 1049 2198 acerbam
1071 2156 1181 2212 apud
1203 2156 1351 2197 milites
1372 2156 1529 2206 habuit,
1546 2165 1592 2197 ut
1608 2156 1777 2221 proelio,

206 2212 363 2280 {ffirtffsli'2
414 2230 488 2271 per
516 2215 628 2255 diem
658 2223 792 2255 totum
823 2214 1041 2254 infeliciter
1070 2214 1254 2262 tolerato,
1282 2213 1433 2254 tristior
1462 2213 1510 2254 iis
1540 2213 1632 2254 irati
1661 2213 1779 2254 ducis

207 2262 388 2332 increpitus
414 2272 542 2314 oratio
563 2280 679 2312 esset.
743 2277 754 2295 ‘
771 2271 864 2311 Diis
885 2271 1194 2319 immortalibus,
1217 2279 1264 2310 ut
1287 2271 1330 2310 in
1356 2270 1426 2311 tali
1446 2286 1503 2319 10,
1525 2270 1668 2311 laudes
1687 2286 1778 2326 gra-

415 2335 426 2353 ‘
443 2330 611 2385 tesque,'
634 2329 780 2384 inquit,
805 2334 917 2383 ago,
940 2328 1053 2384 quod
1074 2328 1202 2368 vietel
1221 2327 1361 2376 hostis,
1379 2343 1472 2368 cum
1496 2336 1608 2368 tanto
1628 2342 1777 2383 pavore

415 2393 425 2410 ‘
443 2386 720 2427 incidentibus
740 2361 882 2426 vobisC
873 2401 915 2425 111
938 2385 1089 2425 vallum
1110 2394 1342 2440 portasque,
1360 2400 1443 2426 non
1466 2385 1553 2440 ipsa
1572 2393 1702 2426 castra
1716 2394 1777 2425 est

414 2451 661 2499 ‘aggressus
725 2442 1017 2482 Deseruissetis
1052 2442 1234 2497 profecto
1269 2442 1415 2482 eodem
1449 2452 1600 2482 terrore
1633 2451 1776 2491 castra,

461 2576 477 2605 3
503 2569 627 2598 Dea‘lra
655 2569 708 2597 ala
742 2572 771 2597 et
805 2568 1070 2605 emtraordinariz‘]
1119 2566 1273 2605 Reliquos
1287 2566 1319 2595 in
1335 2566 1413 2596 duas
1427 2567 1505 2603 alas,
1520 2567 1664 2596 dextram
1686 2570 1718 2596 et
1741 2565 1778 2595 si-

415 2609 498 2639 Socii
522 2620 593 2648 pars
610 2611 714 2639 alares
734 2613 834 2646 erant,
850 2620 921 2648 pars
935 2614 1073 2639 arlo-<10⁹²
1118 2609 1259 2645 nistram,
1278 2608 1470 2638 dividebant.
1517 2609 1609 2638 Haec
1631 2609 1695 2638 fere
1718 2608 1777 2637 Po-

415 2653 545 2681 dz’narz'v'.
590 2652 640 2681 Ex
657 2651 742 2681 omni
760 2652 842 2681 enim
865 2651 971 2681 sociali
988 2662 1073 2681 exer·
1119 2651 1182 2689 lyb.
1205 2651 1243 2680 vi.
1265 2650 1312 2680 26.
1337 2661 1431 2689 quem
1456 2650 1681 2689 interpretatur
1703 2650 1777 2688 Lip-

416 2692 480 2722 citu
503 2693 699 2732 eligebantur
724 2693 948 2731 appositissimi
974 2694 1013 2723 ad
1038 2703 1075 2723 ea
1119 2692 1192 2729 sius,
1208 2693 1246 2723 de
1268 2693 1340 2723 Mil.
1366 2693 1459 2723 Rom.
1484 2692 1514 2723 ii.
1537 2700 1562 2731 7.
1608 2692 1709 2722 Erant
1722 2691 1777 2730 igi-

416 2734 522 2763 omnia
544 2745 624 2772 quae
648 2746 719 2765 vera
743 2735 856 2765 virtute
880 2739 983 2774 egent.
999 2746 1076 2774 quos
1120 2739 1171 2764 tur
1181 2736 1286 2765 alares
1297 2739 1326 2765 et
1340 2735 1598 2771 extraordinarii,
1607 2738 1674 2763 tum
1692 2732 1776 2771 equi-

417 2785 435 2803 a
451 2776 561 2804 ceteris
580 2776 792 2815 abiungebant
808 2781 839 2807 et
857 2778 1010 2807 vocabant
1024 2789 1074 2807 61*-
1120 2782 1166 2806 tes
1191 2780 1259 2806 tum
1286 2777 1417 2816 pedites.
1466 2777 1531 2807 Hic
1555 2777 1594 2805 de
1620 2774 1777 2814 peditibus

416 2817 653 2847 traordinarios.
693 2818 743 2847 Ex
759 2819 916 2856 equitibus
932 2829 1003 2857 pars
1017 2824 1074 2848 ter·
1120 2828 1220 2848 sermo
1237 2823 1291 2848 est.
1316 2819 1419 2849 szv.

418 2857 474 2893 tia,
501 2867 539 2887 ex
567 2858 724 2895 peditibus
749 2859 857 2897 quinta
884 2861 1073 2891 sumebatur.
