1871 3178
512 108 634 151 Llss.
670 111 858 155 XXVII.
905 116 1047 158 CAP.
1089 123 1147 159 12.

149 190 256 233 inter
285 209 388 249 quos
420 196 467 237 L.
495 198 701 242 Caecilius
727 203 924 246 Metellus
955 217 1053 256 crat,
1081 209 1243 250 infamis
1273 222 1414 255 auctor
1443 217 1515 257 de-
1530 227 1571 258 U.
1589 229 1625 259 (¹.
1649 239 1719 268 543-

147 251 344 292 serendae
368 252 508 295 Italiac
539 267 629 311 post
653 259 916 302 Cannensem
945 263 1116 306 cladem.
1180 267 1228 307 In
1257 273 1513 325 equestribus
1529 271 1564 301 A.
1589 272 1626 302 C.
1650 281 1718 312 ²09-

146 321 312 362 quoqne
350 311 456 351 notis
491 314 634 354 eadem
672 328 828 358 servata
863 334 1007 362 causa:
1046 323 1118 363 sed
1154 335 1270 366 erant
1304 331 1510 383 perpauci,

144 377 247 418 quos
268 381 315 406 ca
338 367 503 409 infamia
524 372 755 426 attingeret.
818 375 903 416 Illis
931 379 1121 419 omnibus
1148 381 1209 426 (01
1238 384 1355 424 multi
1376 392 1636 441 erant)N‹·t=1ti

143 420 324 477 adempti
346 426 455 479 eqni,
479 428 549 481 qui
575 428 859 473 Cannensium
888 433 1097 489 legionum
1123 439 1284 494 equites
1306 441 1345 481 in
1372 442 1511 485 Sicilia
1523 438 1705 510 ff‘fll'ffifffiffl

110 487 268 519 serant.
332 481 601 525 Addiderunt
628 488 838 530 acerbitati
867 491 989 531 etiam
1021 503 1193 550 temqu
1217 512 1268 537 ne
1290 490 1592 553 ρι’30101113(μυ
1611 492 1651 512 ‘⁵'

139 535 346 589 stipendia
376 542 647 594 procederent
676 544 736 594 iis,
763 561 868 601 quae
900 564 1008 604 equo
1038 551 1205 606 publico
1233 568 1507 608 emeruerant,

137 592 209 632 sed
231 594 340 635 dena
359 597 562 652 stipendia
584 601 702 655 cquis
722 603 889 657 privatis
909 606 1101 649 facerent.
1166 609 1369 667 Magnum
1391 630 1508 670 prae-

138 656 248 691 terea
281 667 498 695 numerum
535 672 677 698 eorum
714 662 1063 716 conquisiverunt,
1099 667 1169 721 qui
1206 684 1314 724 equo
1350 686 1504 714 merere

135 705 358 750 deberent:
383 721 506 766 atque
524 728 575 753 ex
597 714 658 763 iis,
676 717 747 771 qui
769 719 973 775 principio
995 722 1082 763 eius
1104 723 1200 765 belli
1222 728 1505 782 septendecim

133 778 263 806 annos
291 767 376 807 nati
404 768 578 819 fuerant,
602 786 738 827 neque
766 776 1054 829 militaverant,
1081 795 1223 823 omnes
1250 786 1425 827 aerarios
1445 788 1504 828 fe-

132 831 288 863 cerunt.
351 824 613 868 Locaverunt
654 830 751 871 inde
794 834 1030 885 reficienda,
1074 853 1179 893 quae
1222 841 1330 882 eirca
1368 843 1502 885 forum

100 877 325 922 9inccndio
370 893 614 940 consumpta
655 898 783 939 erant,
825 901 983 947 septem
1026 895 1226 947 tabernas,
1268 900 1498 951 macellum,

128 944 277 976 atrium
299 952 469 993 regium.

186 992 421 1036 Transactis
442 999 643 1050 omnibus,
667 1017 772 1057 quae
798 1004 955 1047 Romae
977 1010 1138 1063 agenda
1158 1022 1286 1061 erant,
1310 1015 1497 1057 consules
1577 1019 1639 1057 12.

126 1049 179 1089 ad
214 1051 368 1093 bellum
404 1056 587 1109 profecti.
650 1058 768 1100 Prior
799 1062 966 1103 Fulvius
1002 1081 1259 1122 praegressus
1293 1070 1492 1127 Capuam.

125 1105 225 1148 Post
246 1123 398 1164 paucos
419 1112 506 1152 dies
528 1125 771 1157 consecutus
789 1118 959 1169 Fabius:
984 1123 1055 1177 qui
1076 1134 1117 1164 et
1138 1125 1335 1182 collegam
1357 1144 1494 1170 coram
1509 1139 1624 1187 Fabius
1639 1147 1700 1173 sta-

125 1164 363 1213 obtestatus‚
399 1177 441 1208 et
475 1184 549 1224 per
584 1171 720 1213 literas
756 1174 1016 1228 Marcellum,
1055 1190 1099 1221 ut
1135 1197 1259 1237 quam
1295 1186 1492 1228 acerrimo
1505 1183 1700 1253 {uitTart-n-

124 1220 232 1262 bello
263 1223 498 1266 detinerent
531 1227 822 1281 Hannibalem,
852 1233 950 1274 dum
983 1236 1068 1291 ipse
1101 1238 1329 1281 Tarentum
1361 1258 1492 1299 oppu-
1505 1235 1654 1307 ἐζέῃὲξρ

121 1288 289 1333 gnaret:
323 1297 371 1321 ea
396 1283 496 1323 urbe
518 1285 711 1342 adempta
732 1288 838 1330 hosti
860 1290 939 1331 iam
962 1294 1147 1350 undique
1169 1297 1299 1351 pulso,
1323 1314 1399 1340 nee
1421 1302 1491 1342 ubi

121 1336 376 1387 consisteret,
409 1355 485 1380 nec
517 1343 618 1396 quid
652 1345 780 1386 fidum
813 1349 1034 1403 respiceret
1066 1351 1248 1403 habenti,
1275 1371 1326 1396 ne
1358 1371 1491 1399 remo-

120 1393 238 1433 randi
260 1395 430 1450 quidem
453 1413 616 1440 causam
639 1401 680 1440 in
704 1402 823 1444 Italia
843 1405 939 1446 fore.
1005 1407 1214 1465 Rhegium
1237 1412 1361 1453 etiam
1382 1429 1490 1455 nun-

120 1449 224 1491 tium
265 1452 392 1493 mittit
432 1455 484 1495 ad
524 1458 775 1511 praefectum
816 1463 1022 1516 praesidii,
1059 1467 1171 1521 quod
1211 1469 1261 1509 ab
1301 1469 1487 1514 Laevino

91 1523 102 1544 1
119 1508 286 1549 consule
312 1509 504 1552 adversus
527 1513 710 1557 Bruttios
738 1517 793 1557 ibi
823 1518 1001 1560 locatum
1029 1531 1128 1572 erat,
1151 1534 1244 1566 octo
1266 1526 1394 1568 millia
1413 1528 1488 1570 ho-

117 1564 303 1606 minum:
341 1582 433 1622 pars
464 1571 642 1612 maxima
671 1573 722 1613 ab
754 1574 1009 1632 Agathyrna,
1042 1579 1147 1621 sicut
1177 1591 1299 1624 antea
1328 1584 1486 1627 dictum

117 1630 189 1669 est,
212 1637 264 1663 ex
288 1623 426 1666 Sicilia
452 1627 649 1678 traducta,
672 1639 788 1686 rapto
808 1633 944 1675 vivere
972 1635 1188 1679 hominum
1216 1650 1482 1685 assuetorum.

85 1693 101 1713 2
117 1677 265 1720 Additi
293 1690 410 1722 erant
438 1682 696 1727 Bruttiorum
727 1688 912 1731 indidem
939 1693 1147 1749 perfugae,
1171 1706 1212 1737 et
1242 1698 1416 1741 audacia
1443 1709 1485 1742 et

114 1736 296 1777 audendi
338 1740 476 1780 omnia
517 1744 829 1787 necessitatibus
870 1763 998 1803 pares.
1061 1751 1184 1794 Hanc
1220 1769 1388 1797 manum
1430 1758 1483 1799 ad

114 1791 325 1835 Bruttium
356 1797 536 1851 primum
566 1815 710 1856 agrum
737 1803 1077 1860 depopulandum
1105 1810 1199 1851 duci
1231 1812 1360 1863 iussit,
1383 1814 1481 1856 inde

112 1849 165 1890 ad
199 1850 444 1894 Cauloniam
478 1857 622 1898 urbem
655 1863 986 1917 oppugnandam.
1048 1865 1257 1922 Imperata
1288 1885 1372 1911 non
1404 1871 1482 1912 im-

110 1906 226 1962 pigre
254 1909 400 1959 solum‚
429 1913 501 1953 sed
529 1915 652 1956 etiam
680 1918 811 1968 avide,
838 1922 1034 1971 exsecuti,
1057 1923 1227 1980 direptis
1247 1926 1478 1984 fugatisque

110 1964 335 2007 cultoribus
355 1968 454 2023 agri,
477 1985 637 2013 summa
656 1974 695 2013 vi
717 1976 861 2016 urbem
882 1981 1186 2034 oppugnabant.
1240 1982 1476 2035 Marcellus,
1491 1995 1665 2029 Marcellus

109 2029 152 2061 et
172 2024 351 2064 consulis
371 2024 498 2067 literis
518 2029 689 2078 excitus,
712 2041 754 2072 et
774 2033 872 2087 quia
896 2034 953 2075 ita
972 2036 1016 2075 in
1037 2037 1220 2079 animum
1242 2040 1474 2092 induxerat,
1488 2038 1530 2105 {²5¹
1545 2040 1649 2112 Cafiu-

108 2079 319 2120 neminem
349 2081 498 2123 ducem
528 2084 765 2128 Romanum
798 2098 881 2130 tam
912 2106 1052 2146 parem
1084 2093 1324 2147 Hannibali,
1351 2114 1473 2154 quam
1488 2090 1678 2155 Πέἶᾟῑοὲῗ-

107 2149 163 2184 50,
185 2151 285 2186 0550,
307 2138 378 2179 ubi
399 2140 578 2194 primum
599 2143 642 2183 in
668 2145 774 2200 agris
801 2148 941 2201 pabuli
969 2150 1087 2205 copia
1106 2151 1196 2202 fuit,
1219 2169 1271 2194 ex
1292 2154 1474 2198 hibernis
1487 2165 1590 2196 currit.

105 2193 325 2247 profectus,
358 2196 411 2236 ad
446 2197 674 2241 Canusium
706 2202 931 2245 Hannibali
969 2209 1156 2250 occurrit.
1221 2209 1473 2254 Sollicita-bat
1487 2223 1621 2272 Receciit

106 2249 159 2290 ad
180 2250 454 2295 defectionem
480 2254 713 2299 Canusinos
734 2259 925 2303 Poenus:
959 2273 1156 2316 ceterum,
1178 2277 1224 2308 ut
1251 2270 1472 2326 appropin-
1486 2265 1662 2305 Hanmba1‚

105 2321 232 2362 quare
254 2307 502 2352 BIarcellum
530 2314 699 2364 audivit,
721 2326 852 2359 castra
878 2319 975 2361 inde
1003 2323 1141 2363 movit.
1204 2324 1365 2381 Aperta
1383 2336 1471 2368 erat
1483 2313 1649 2384 Ξῗὲῖἓέἧῗ)

1436 130 1515 166 355

144 2462 164 2491 8
185 2463 238 2492 Ne
251 2465 428 2501 praeterita
442 2467 599 2504 stipendia
619 2470 763 2506 procede-
811 2478 858 2509 27.

101 2508 174 2533 rent
197 2505 247 2540 iis,
271 2515 352 2544 quae
375 2516 453 2545 equo
475 2509 602 2546 publico
627 2520 762 2541 emerue-
852 2522 864 2542 1
891 2515 966 2545 Octo
981 2517 1081 2546 millia
1100 2518 1258 2549 homiuum
1282 2544 1289 2551 ,
1306 2544 1313 2551 .
1331 2545 1338 2552 .
1362 2524 1467 2555 vivere

99 2546 192 2582 rant]
206 2545 259 2576 Ne
270 2548 510 2585 praeteritorum
523 2549 762 2590 stipendiorum,

100 2597 182 2625 quae
208 2598 288 2626 equo
314 2589 442 2628 publico
467 2598 676 2629 emeruerant,
696 2595 763 2624 ulla

98 2628 178 2659 ratio
194 2629 372 2662 haberetur.
408 2632 496 2663 Hinc
509 2634 590 2664 dena
606 2635 763 2674 stipendia

99 2671 203 2702 facere
228 2672 317 2711 equis
342 2674 471 2712 privatis
496 2675 653 2708 iubentur.
699 2678 762 2708 Tot

99 2713 184 2744 enim
205 2715 307 2752 annis,
323 2726 438 2755 nempe
456 2718 579 2755 decem,
594 2719 762 2750 finiebatur

98 2757 252 2794 equestris
276 2757 409 2789 militiae
435 2763 572 2799 tempus,
594 2766 675 2792 teste
700 2763 759 2793 Po-

98 2797 162 2836 be.
180 2799 219 2829 vi.
239 2809 285 2839 19.
308 2800 412 2832 szv.

139 2850 158 2880 9
180 2842 303 2881 Septem
320 2844 484 2882 tabernas]
512 2846 550 2877 cf.
567 2845 658 2886 Supr.
671 2848 756 2878 xxvi.

805 2554 965 2585 hominum
980 2562 1191 2598 assuetorum]
1218 2562 1380 2594 Alterutro
1396 2565 1466 2596 loco

807 2606 866 2625 vox
881 2598 1041 2629 hominum
1061 2601 1221 2632 abundare
1240 2603 1373 2637 videtur.
1420 2608 1465 2639 U-

806 2642 888 2668 trum
905 2644 1011 2670 autem
1032 2652 1070 2672 ex
1090 2645 1260 2681 posteriore
1276 2647 1464 2688 Crevierius,

804 2690 845 2710 an
869 2691 908 2711 ex
932 2683 1026 2721 priori
1049 2685 1119 2714 loco
1142 2686 1321 2720 Gronovius
1343 2701 1463 2731 expun-

803 2723 939 2760 gendam
948 2725 1064 2757 rectius
1076 2730 1242 2768 censuerit,
1253 2731 1388 2764 viderint
1399 2735 1462 2765 lec-

802 2768 894 2796 tores.

844 2817 861 2837 2
884 2810 1044 2848 Indidem]
1073 2811 1124 2842 Ex
1150 2812 1210 2844 hac
1235 2814 1304 2855 ipsa
1324 2819 1461 2858 regione,

801 2849 833 2879 in
849 2860 912 2889 qua
927 2851 1088 2891 Rhegium
1104 2858 1179 2886 erat.
1203 2857 1307 2890 CREV.

1115 2902 1232 2938 Az12
