1871 3178
126 116 142 118 -
479 94 605 135 12113.
642 94 788 134 XXX.
838 95 982 135 (fAl‘.
1017 100 1082 135 42.
1390 99 1470 135 545

87 183 333 224 ‘violatumz
367 193 410 224 et
439 184 553 239 quod
582 184 701 224 sociis
729 184 870 239 populi
902 183 1081 224 Romani
1110 183 1280 224 iniurias
1309 184 1464 232 feeerit,
1485 193 1525 223 U.
1544 196 1580 224 (Ἀ
1605 205 1674 233 55¹-

84 239 222 280 ‘bello
263 240 470 295 armisque
511 240 758 281 lacessierit:
811 249 853 280 et
889 239 1003 295 quod
1044 240 1181 280 hostes
1221 240 1385 280 auxiliis
1425 236 1518 281 etA·
1543 238 1579 265 (’·
1606 246 1678 267 ²0¹·

83 297 291 350 ‘pecunia
331 297 490 338 iuverit.
554 296 610 337 Et
651 297 697 336 P.
721 296 959 351 Scipionem
1001 305 1112 336 rccte
1149 305 1273 351 atque
1319 297 1464 338 ordine

83 357 95 374 ‘
108 352 241 393 videri
262 354 405 393 fecisse
423 363 464 394 et
480 353 628 402 facere,
647 353 759 407 quod
781 368 863 401 cos,
882 354 953 408 qui
976 368 1088 393 arma
1104 362 1247 393 contra
1264 353 1464 407 populum

51 417 68 447 5
85 414 95 431 ⁶
110 408 349 450 Romanum
372 410 550 450 ferentes
567 410 677 464 capti
699 418 807 458 sunt,
826 410 1006 450 hostium
1029 424 1203 449 numero
1225 409 1267 448 in
1290 409 1465 449 vinculis

83 464 279 506 ‘habeatz
322 475 364 507 ct
396 466 457 506 M.
484 466 704 506 Aurelium
736 481 758 506 e
795 466 1007 521 republica
1037 465 1183 514 facere,
1215 474 1462 521 gratumque

83 521 154 561 ‘id
179 523 341 563 senatui
363 537 463 572 csse,
487 523 600 578 quod
621 523 752 563 socios
784 522 927 577 populi
959 522 1152 571 Romani,
1176 522 1344 577 quando
1374 523 1462 563 iure

83 583 94 601 ‘
109 577 287 619 foederis
308 594 393 619 non
414 590 564 634 posset,
587 579 709 619 armis
731 579 920 619 tucatur.’

140 634 252 675 Cum
293 635 372 676 hoc
413 645 495 676 tam
537 636 642 676 tristi
682 650 878 690 responso
919 635 1096 675 dimissis
1145 635 1461 686 Macedonibus,
1479 647 1671 684 Legatie'ur-

79 690 203 746 legati
228 691 595 747 Carthaginienses
622 692 766 732 vocati.
833 692 1023 739 Quorum
1053 693 1257 733 aetatibus
1283 688 1652 748 digiiita-tl¹²²-²³'i¹¹³“'¹‘

81 747 273 803 tibusque
303 749 545 804 conspectiS,
569 749 687 803 (nam
711 748 832 803 longe
861 748 984 803 primi
1006 748 1182 789 civitatis
1213 753 1351 802 erant)
1374 759 1462 790 tum
1476 740 1570 760 mum.

79 818 153 867 pro
181 819 223 845 se
252 805 428 860 quisque
458 804 609 852 dicere,
635 820 730 845 vere
759 804 810 845 de
840 819 941 859 pace
974 805 1051 860 agi.
1114 805 1295 861 Insignis
1324 815 1464 847 tamen

78 869 189 901 lnter
217 870 376 902 ceteros
413 860 651 902 Hasdrubal
679 870 778 910 crat,
808 860 1028 913 (Haedum
1061 862 1281 917 populares
1309 879 1462 919 cogno-

77 917 190 958 mine
207 917 492 973 appellabant)
507 918 620 973 pacis
641 932 804 972 semper
824 927 979 967 auctor,
994 918 1272 974 adversusque
1290 920 1461 961 factioni

45 972 293 1014 6Barcinae.
358 974 421 1015 Eo
450 983 538 1014 tum
567 974 659 1029 plus
687 973 746 1014 illi
775 975 1029 1015 auctoritatis
1056 975 1147 1023 fuit,
1171 975 1266 1016 belli
1295 976 1460 1032 culpam

76 1029 121 1069 in
161 1045 388 1085 paucorum
424 1030 696 1086 cupiditatem
733 1047 757 1072 a
791 1031 1004 1087 republica
1037 1032 1308 1073 transferenti.
1375 1033 1461 1081 Qui

77 1101 207 1141 quum
243 1088 356 1128 varia
385 1088 569 1128 oratione
603 1103 699 1128 usus
730 1097 849 1136 esset,
881 1103 994 1128 nunc
1024 1088 1242 1144 purgando
1273 1090 1458 1138 crimina,

76 1157 190 1183 nunc
224 1144 431 1198 quaedam
461 1144 644 1193 fatendo,
677 1159 729 1185 ne
766 1144 1034 1200 impudenter
1064 1154 1176 1185 certa
1211 1147 1460 1200 negantibus

77 1198 282 1240 difficilior
302 1201 424 1241 venia
446 1209 564 1250 esset,
588 1216 700 1242 nunc
729 1201 939 1242 monendo
961 1202 1085 1242 etiam
1114 1202 1260 1243 Patres
1281 1204 1461 1243 conscri-

76 1264 181 1310 ptos,
213 1265 260 1297 ut
295 1258 417 1298 rebus
452 1258 646 1298 secundis
677 1258 862 1299 modeste
894 1273 941 1298 ac
973 1258 1185 1299 moderate
1218 1268 1458 1309 uterentur3

78 1317 89 1334 ‘
105 1311 150 1352 Si
170 1328 212 1353 se
234 1322 359 1368 atquc
385 1313 639 1355 Hannonem
661 1314 872 1355 audissent
891 1314 1271 1369 Carthaginienses,
1295 1326 1336 1356 et
1357 1325 1462 1356 tem-

78 1374 90 1392 ‘
106 1383 206 1424 pore
227 1371 289 1410 uti
311 1370 548 1419 voluissent,
571 1371 739 1411 daturos
770 1371 893 1412 fuisse
921 1371 1034 1427 pacis
1063 1372 1335 1421 conditiones,
1359 1388 1462 1428 quas

78 1429 206 1466 ‘tunc
237 1436 439 1481 peterent.
504 1427 616 1468 Raro
647 1427 770 1467 simul
800 1428 1038 1468 hominibus
1069 1429 1221 1468 bonam
1252 1429 1460 1469 fortunam

78 1482 341 1538 ‘bonamque
368 1493 552 1525 mentem
581 1484 682 1524 dari.
744 1484 954 1539 Populum
985 1484 1224 1525 Romanum
1253 1500 1303 1526 eo
1331 1486 1461 1527 invic-

78 1543 192 1579 ‘tum
214 1554 316 1588 esse,
340 1541 454 1595 quod
476 1541 518 1580 in
547 1540 740 1581 secundis
760 1541 882 1581 rebus
895 1556 1045 1596 *sapere
1074 1550 1117 1582 et
1137 1542 1352 1583 consulere
1375 1558 1461 1583 me-

77 1595 298 1637 ‘minerit:
333 1606 386 1645 et,
415 1597 597 1646 hercule,
627 1597 864 1638 mirandum
888 1598 1026 1646 fuisse,
1056 1598 1088 1638 si
1117 1598 1236 1638 aliter
1263 1599 1457 1640 facerent.

46 1651 170 1691 7‘Ex
200 1652 433 1702 insolentia,
464 1654 615 1708 quibus
646 1669 753 1694 nova
783 1655 892 1694 bona
921 1654 1085 1694 fortuna
1117 1655 1180 1703 sit,
1208 1655 1460 1710 impotentes

76 1707 284 1750 ‘laetitiae
307 1710 499 1751 insanire.
561 1710 726 1765 Populo
755 1710 949 1750 Romano
978 1711 1130 1751 usitata
1151 1726 1198 1751 ac
1219 1726 1348 1767 prope
1377 1712 1459 1753 iam

76 1765 284 1806 ‘obsoleta
310 1781 364 1806 ex
390 1767 563 1807 victoria
587 1766 740 1822 gaudia
768 1782 868 1815 esse,
896 1782 943 1807 ac
971 1767 1064 1822 plus
1089 1783 1220 1823 paene
1249 1769 1458 1823 parcendo

76 1821 235 1870 ‘vietis,
278 1837 404 1877 quam
444 1823 664 1872 vincendo,
707 1823 930 1879 imperium
970 1824 1180 1865 auxissez’
1225 1834 1458 1866 ceterorum

72 1877 345 1918 miserabilior
384 1880 515 1919 oratio
554 1880 647 1928 fuit,
688 1881 1119 1929 commemorantium,
1159 1881 1251 1921 ‘Ex
1293 1883 1459 1936 quantis

75 1934 247 1988 ‘opibus
275 1950 359 1989 quo
387 1935 631 1975 recidissent
661 1935 1072 1989 Carthaginiensium
1100 1951 1178 1977 res.
1241 1937 1362 1977 Nihil
1394 1939 1456 1987 iis,

75 1990 173 2044 ‘qui
204 1991 329 2031 modo
358 1992 501 2031 orbem
531 2006 660 2046 prope
692 2001 893 2031 terrarum
925 1992 1201 2033 obtinuissent
1231 1994 1366 2043 armis,
1390 2009 1458 2034 su-

75 2052 276 2101 ‘peresse,
308 2055 472 2102 praeter
505 2046 771 2102 Carthaginis
809 2048 986 2088 moenia.
1053 2047 1110 2088 Iis
1144 2048 1338 2098 inclusos,
1370 2065 1457 2091 non

75 2108 86 2126 ‘
100 2112 218 2152 terra,
241 2118 326 2144 non
348 2104 450 2144 mari
471 2104 696 2159 quicquam
718 2104 781 2144 sui
803 2104 902 2144 iuris
924 2119 1105 2145 cernere.
1171 2105 1331 2145 Urbem
1353 2122 1456 2161 quo-

74 2164 87 2183 ‘
102 2175 183 2214 que
205 2160 336 2215 ipsam
365 2175 412 2201 ac
437 2169 609 2216 penates
636 2161 694 2200 ita
721 2160 946 2209 habituros,
969 2161 1003 2200 si
1024 2176 1109 2201 non
1134 2161 1176 2200 in
1199 2177 1247 2201 ea
1272 2177 1454 2218 quoque,

74 2221 182 2270 ‘quo
216 2216 321 2257 nihil
356 2217 530 2257 ulterius
562 2217 626 2265 sit,
661 2216 818 2257 saevire
858 2216 1036 2271 populus
1078 2217 1295 2258 Romanus
1331 2220 1458 2260 velit.'

77 2272 221 2319 Quum
233 2273 344 2314 flecti
366 2273 646 2314 misericordia
666 2273 811 2313 Patres
827 2282 1054 2328 appareret,
1070 2283 1305 2314 senatorum
1324 2291 1454 2317 unum

73 2328 268 2369 infestum
309 2330 509 2385 perfidiae
545 2329 957 2384 Carthaginiensium
995 2330 1263 2371 succlamasse
1301 2332 1453 2379 ferunt,

74 2384 185 2425 ‘Per
213 2401 318 2441 quos
341 2386 442 2427 deos
472 2386 618 2427 foedus
642 2386 765 2427 icturi
796 2394 945 2435 essent,
975 2401 1106 2441 quum
1135 2402 1218 2436 eoS,
1248 2402 1322 2442 per
1351 2404 1455 2443 quos

115 2525 132 2556 5
157 2502 251 2557 Capti
278 2519 370 2555 sunt]
399 2519 472 2549 Sine
495 2529 534 2548 ex
558 2518 740 2548 coniectura
785 2518 831 2548 illi
848 2518 975 2548 facilius
990 2518 1099 2548 haberi
1116 2522 1252 2557 poterat.
1277 2520 1382 2550 Cam.

74 2558 210 2595 Dukeri,
233 2563 348 2598 utpote
372 2559 405 2589 in
433 2560 576 2590 oratione
599 2560 741 2598 obliqua,
831 2568 846 2598 7
870 2562 925 2590 Ea:
940 2561 1128 2598 insolentia]
1156 2561 1222 2590 Eos
1237 2561 1353 2599 quibus
1372 2571 1456 2592 nova

72 2600 213 2639 reposuit
258 2601 397 2633 Bekker.
435 2602 628 2632 assentiente
665 2603 740 2632 Cre·
786 2603 870 2631 bona
885 2602 1012 2632 fortuna
1029 2602 1081 2639 sit,
1097 2602 1171 2641 quia
1192 2602 1225 2632 id
1247 2602 1309 2632 illis
1330 2608 1456 2642 praeter

73 2641 179 2672 rierio.
786 2643 915 2673 solitum
933 2643 1069 2678 accidat,
1088 2654 1148 2673 non
1166 2644 1329 2682 capientes
1347 2645 1455 2675 animo

114 2682 134 2713 6
156 2685 206 2714 Eo
243 2689 309 2714 tum
344 2687 420 2724 plus
457 2687 504 2714 illi
539 2686 740 2716 auctoritatis
785 2685 988 2715 immodicam
1007 2685 1174 2722 laetitiam,
1191 2687 1232 2716 ad
1251 2686 1454 2718 insanitatem

65 2726 152 2762 ficit]
184 2725 234 2755 Eo
256 2730 325 2756 tum
349 2732 379 2757 et
404 2728 567 2757 decentior
590 2727 741 2766 gravique
787 2727 900 2758 efferri.
925 2728 1030 2758 CREv.

75 2766 139 2796 viro
161 2767 283 2807 dignior
306 2768 374 2800 eius
398 2769 498 2799 oratio
520 2770 591 2799 fuit.
609 2773 637 2798 et
666 2769 742 2798 fides

132 2822 231 2849 voti.
255 2823 300 2849 11.
1148 2824 1175 2850 x
1198 2826 1226 2851 n
