1877 3178
387 114 467 152 228
884 111 1029 152 ΤΙΤΙ
1068 111 1242 153 LIVII

187 203 230 235 U
247 204 284 235 C
307 211 377 245 539·
390 200 474 255 qui,
495 199 898 256 Carthaginiensium
917 201 1147 257 legionibus
1167 201 1410 251 coniunctis,
1427 216 1575 257 magno
1591 202 1745 259 proelio

185 246 275 278 A.C

183 1005 336 1035 Celtiberi

184 1046 277 1086 primi
289 1057 368 1077 nier-

184 1090 261 1118 cede
276 1089 357 1119 mili-

184 1134 254 1160 tant
268 1132 355 1170 apud

184 1173 280 1203 Rom.

277 269 286 278 ·
308 256 377 286 213·
393 257 623 314 Syphacem
655 257 816 298 devicit.
878 258 1067 314 Triginta
1100 258 1228 299 millia
1262 274 1310 300 eo
1344 258 1499 314 proelio
1531 260 1746 301 hominum

390 330 506 356 caesa
525 315 728 355 dicuntur.
792 291 1079 371 Sypl1ax⁶eum
1106 315 1246 371 paucis
1273 316 1516 371 equitibus
1506 332 1549 356 1n
1574 316 1776 358 Mamm-5

390 373 468 413 sios
498 387 550 412 ex
580 372 664 412 acie
688 371 891 413 Numidas
920 373 1113 428 (extremi
1147 387 1272 428 prope
1308 372 1521 414 Oceanum
1556 374 1747 414 adversus

393 429 531 469 Gades
552 428 711 484 colunt)
732 429 905 485 refugit:
938 429 1279 494 affluentibusque
1308 430 1360 470 ad
1380 430 1529 470 famam
1555 430 1642 471 eius
1670 446 1748 471 un-

389 486 514 541 dique
535 486 753 534 barbaris,
743 495 931 542 ingentes
950 487 1062 527 brevi
1083 487 1219 542 copias
1239 487 1418 527 almavit.
1466 486 1575 527 Cum
1595 487 1746 551 quibus

389 551 609 598 antequam
630 543 673 583 in
691 520 934 608 Hispaniam
955 552 1126 598 angusto
1148 543 1392 608 diremptam
1408 544 1510 584 freto
1531 544 1745 592 traficeret,

391 599 608 640 Masinissa
627 615 721 640 cum
740 601 892 641 victore
913 601 1098 641 exercitu
1118 600 1306 641 advenit:
1339 601 1453 655 isque
1476 601 1533 641 ibi
1553 616 1647 642 cum
1671 600 1748 657 Sy-

389 657 518 712 phace
551 657 709 712 ingenti
743 657 872 713 gloria
905 673 979 713 per
1010 673 1063 707 se,
1098 658 1184 698 sine
1217 657 1308 698 ullis
1344 657 1747 713 Carthaginiensium

390 714 593 769 opibus‚0
569 714 691 754 cressit
711 714 876 755 bellum.
938 714 988 755 In
1011 714 1212 770 Hispania
1238 715 1342 754 nihil
1369 714 1630 756 memorabile
1657 730 1748 770 ges-

389 779 490 820 tum,
531 780 813 827 praeterquam
854 772 966 827 quod
1009 771 1265 812 Celtiberum
1309 772 1565 812 iuventutem
1604 772 1748 812 eadem

388 828 590 877 mercede,
623 844 704 883 qua
733 836 851 884 pacta
880 844 974 869 cum
1007 828 1414 884 Carthaginiensibus
1443 836 1542 877 mat,
1574 829 1748 884 impera-

389 892 494 925 tores
517 885 695 926 Romani
716 885 767 925 ad
788 901 829 926 se
850 886 1056 940 perduxei
1058 894 1158 926 unt
1191 894 1233 926 et
1253 886 1523 926 nobilissimos
1541 885 1748 941 Hispanos

389 956 510 997 supra
539 950 741 982 trecentos
773 942 817 982 in
847 942 1007 983 Italiam
1038 943 1090 982 ad
1119 942 1394 983 sollicitandos
1424 942 1652 997 populares,
1675 943 1748 998 qui

388 998 496 1038 inter
530 998 680 1039 auxilia
711 998 954 1040 Hannibalis
989 1008 1116 1048 erant,
1148 1000 1358 1040 miserunt.
1419 999 1469 1040 1d
1504 1000 1626 1040 modo
1661 1001 1748 1040 eius

389 1055 486 1095 anni
515 1056 558 1095 in
587 1055 788 1110 Hispania
817 1056 869 1095 ad
900 1057 1137 1096 memoriam
1166 1056 1324 1111 insigne
1356 1065 1427 1105 est,
1454 1056 1565 1111 quod
1594 1063 1779 1098 merce—6

388 1112 548 1152 narium
569 1111 740 1151 militem
765 1112 808 1151 in
829 1112 968 1152 castris
995 1113 1203 1153 neminem
1231 1121 1338 1162 ante,
1361 1128 1484 1168 quam
1506 1121 1592 1154 tum
1618 1113 1749 1155 Celti-

388 1169 518 1218 beros,
543 1168 723 1209 Romani
743 1168 985 1209 habuerunt.

431 1326 447 1354 5
471 1317 513 1345 In
528 1317 715 1346 Illam-usias
736 1327 775 1346 ω’
790 1317 857 1346 acie
871 1317 1045 1352 Numidas]
1134 1314 1153 1345 6
1177 1316 1415 1346 Πᾶν’·εεηαφὶωη
1433 1317 1559 1347 melitem
1581 1317 1616 1346 in
1638 1318 1749 1348 castris

389 1358 633 1388 Incommodum
660 1363 706 1387 cst
731 1358 791 1388 hoc
820 1359 890 1388 loco
915 1359 1047 1388 vocabu·
1091 1359 1244 1388 neminem
1260 1359 1349 1395 (ιηῐε]
1372 1358 1483 1387 Gallos
1499 1358 1674 1406 transfugas
1688 1359 1749 1398 pri-

388 1400 455 1429 lum
471 1401 637 1430 Numidas.
683 1400 826 1439 Sigonius
841 1402 990 1430 Numidis
1006 1401 1048 1430 le
1091 1410 1143 1429 ms>
1160 1399 1281 1429 Punico
1297 1400 1381 1429 bello
1399 1410 1418 1429 a
1434 1400 1588 1430 Romanis
1611 1401 1641 1430 in
1665 1411 1749 1431 com-

387 1452 470 1480 gere,
480 1442 532 1471 alii
546 1443 649 1472 delere
662 1443 756 1480 plane
768 1444 938 1472 malebant.
972 1443 1046 1472 1³01-
1091 1442 1238 1471 militium
1255 1442 1390 1471 adscitos
1411 1452 1476 1472 esse
1498 1443 1636 1472 iefeiunt
1652 1443 1747 1483 Poly-

389 1493 444 1513 san
461 1484 627 1522 legendum
641 1497 648 1520 3
670 1486 704 1513 in
720 1486 908 1515 sslaurusz'os
923 1496 962 1515 etr
981 1487 1047 1515 acie
1090 1484 1159 1514 bins
1175 1488 1205 1514 et
1222 1484 1369 1514 Zonaras.
1405 1484 1501 1519 Quod
1518 1485 1541 1514 si
1557 1485 1602 1515 ita
1617 1489 1747 1523 est‚non

390 1524 621 1564 (Numidarum
643 1528 772 1558 extremi
796 1551 802 1557 .
820 1551 827 1558 .
845 1551 851 1558 .
869 1526 898 1566 .)
916 1529 1045 1566 resayit.
1091 1526 1183 1565 primi
1213 1526 1364 1557 Celtiberi
1394 1526 1425 1556 in
1456 1527 1611 1558 Romanis
1640 1528 1748 1558 castris

389 1567 527 1599 Srnorn.
1090 1569 1234 1599 mercede
1250 1568 1434 1599 militarunt.
1457 1570 1559 1600 ΟΜΝ.
