1825 3173
114 906 276 938 Druentia

114 949 228 980 amnis.

189 1515 255 1551 32.

121 1571 159 1600 P.
176 1571 294 1600 Corne-

120 1613 182 1642 lius
197 1612 237 1641 ad
254 1620 317 1639 cas-

120 1660 170 1684 tra
181 1654 221 1683 31)
234 1652 324 1681 Han-

121 1696 228 1725 nibale
244 1695 296 1724 de-

121 1742 205 1767 serta
221 1736 316 1766 venit.

121 1778 223 1810 Redit
238 1779 279 1808 ad

120 1831 227 1852 naves.

325 124 377 161 28
833 119 981 161 TITI
1024 118 1201 160 LIVII

289 240 296 247 .
324 208 440 249 nulla
469 208 632 249 Gallica
660 215 785 264 gente
808 209 961 272 'opibus
986 215 1058 248 aut
1076 207 1185 248 fama
1210 205 1401 246 inferior:
1436 212 1524 245 tum
1553 204 1707 245 discors

290 282 296 289 ·
325 273 424 306 erat.

487 265 627 321 Regni
649 274 874 306 certamme
897 265 1162 319 ambigebant
1181 264 1336 303 fratres.
1399 261 1549 310 Maior,
1572 270 1615 302 et
1635 261 1708 316 qui

324 323 439 378 prius
452 323 720 377 imperitarat,
740 322 927 362 Braneus
943 321 1126 370 nomine,
1142 321 1301 360 minore
1319 319 1369 359 ab
1383 318 1506 358 fratre
1528 326 1570 359 et
1586 328 1709 358 coetu

326 379 549 428 iuniorum,
591 379 664 434 qui
704 379 793 419 iure
835 379 985 427 minus,
1027 378 1067 417 vi
1108 377 1200 432 plus
1247 384 1420 431 poterat,
1462 374 1705 430 pellebatur.

328 435 468 476 Huius
489 435 703 476 seditionis
723 443 1034 490 peropportuna
1054 434 1299 488 disceptatio
1316 446 1446 488 quum
1468 431 1521 471 ad
1544 431 1710 471 Hanni-

326 493 463 533 balem
493 492 649 532 reiecta
678 500 796 540 esset,
825 492 978 531 arbiter
1007 491 1125 546 regni
1154 490 1294 538 factus,
1319 488 1433 544 quod
1463 503 1513 528 ea
1543 496 1709 528 senatus

327 549 648 605 principumque
681 548 887 589 sententia
912 548 1057 596 fuerat,
1087 547 1309 602 imperium
1340 545 1483 586 maiori
1514 544 1706 584 restituit.

330 605 399 647 Ob
416 606 459 645 id
480 606 675 645 meritum
692 614 925 645 commeatu
942 604 1144 659 copiaque
1159 619 1295 644 rerum
1313 603 1513 650 omnium,
1528 601 1708 641 maxime

326 663 464 711 vestis,
482 670 543 702 est
564 662 741 710 adiutus,
758 677 883 716 quam
905 661 1078 701 infames
1094 661 1313 715 frigoribus
1329 659 1459 714 Alpes
1475 657 1711 714 praeparari

328 720 543 774 cogebant.
625 718 787 759 Sedatis
817 717 1112 758 certaminibus
1145 717 1433 771 Allobrogum,
1466 730 1597 770 quum
1628 714 1711 754 iam

329 775 461 830 Alpes
476 784 649 830 peteret,
665 790 750 815 non
764 784 876 815 recta
889 775 1057 829 regione
1072 774 1150 814 iter
1163 774 1342 814 instituit
1355 789 1364 821 3
1399 772 1472 813 sed
1485 772 1538 812 ad
1552 772 1710 812 laevam
1724 783 1743 815 6

328 831 374 872 in
387 832 641 872 Tricastinos
657 832 796 880 flexit3
829 831 927 871 inde
942 846 1016 886 per
1031 840 1260 871 extremam
1277 845 1390 871 oram
1407 828 1711 870 Vocontiorum

330 888 417 944 agri
453 888 632 929 tetendit
670 889 714 928 in
750 888 981 928 Tricorios:
1026 887 1140 928 haud
1179 902 1354 941 usquam
1391 886 1593 941 impedita
1631 885 1710 932 via,

329 945 572 1000 priusquam
613 945 665 985 ad
706 945 960 985 Druentiam
1000 945 1158 984 flumen
1199 944 1399 999 pervenit.
1462 942 1503 982 Is
1543 950 1585 982 et
1625 941 1711 996 ipse
1728 959 1744 990 7

331 1002 514 1057 Alpinus
535 1002 667 1042 amnis
679 1001 803 1056 longe
821 1002 1008 1041 omnium
1029 1001 1190 1041 Galliae
1207 1001 1427 1040 fluminum
1445 998 1713 1039 difficillimus

331 1059 505 1099 transitu
527 1067 599 1098 est.
663 1058 787 1106 Nam,
812 1073 942 1113 quum
968 1073 1099 1113 aquae
1121 1058 1205 1097 vim
1227 1058 1350 1097 vehat
1377 1057 1605 1111 ingentem,
1628 1069 1714 1095 non

330 1123 470 1155 tamen
510 1115 680 1155 navium
720 1115 881 1169 patiens
922 1124 1005 1154 cst:
1055 1114 1153 1168 quia
1193 1114 1317 1153 nullis
1357 1113 1560 1154 coercitus
1599 1111 1713 1166 ripis,

330 1171 518 1226 pluribus
550 1171 685 1219 simul,
717 1186 854 1225 neque
891 1170 1040 1210 iisdem
1073 1170 1198 1210 alveis
1233 1171 1379 1218 fluens,
1410 1184 1518 1209 nova
1552 1183 1716 1223 semper

331 1227 437 1267 vada
457 1242 669 1282 novosque
685 1227 881 1282 gurgites,
900 1228 962 1281 (et
983 1227 1035 1266 ob
1053 1227 1199 1266 eadem
1220 1226 1354 1281 pediti
1371 1240 1538 1280 quoque
1556 1225 1716 1265 incerta

331 1284 398 1324 via
414 1282 496 1334 est)
510 1284 562 1324 ad
579 1284 682 1324 11300
697 1298 795 1324 saxa
809 1283 995 1337 glareosa
1007 1282 1189 1331 volvens,
1205 1283 1309 1322 nihil
1326 1282 1469 1322 stabile
1487 1297 1564 1322 nec
1578 1289 1715 1321 tutum

332 1340 583 1395 ingredienti
597 1341 765 1395 praebet
782 1356 791 1387 ς
825 1348 865 1380 01
880 1348 981 1388 111111,
996 1340 1099 1380 forte
1115 1340 1315 1380 imbribus
1329 1347 1486 1387 auctus,
1501 1339 1716 1393 ingentem

334 1397 731 1451 transgredientibus
754 1396 977 1436 tumultum
999 1396 1108 1444 fecit,
1132 1412 1262 1450 quum
1288 1411 1411 1450 super
1432 1404 1569 1435 cetera
1590 1394 1717 1450 trepi-

334 1453 502 1493 datione
524 1453 601 1508 ipsi
623 1468 696 1492 sua
717 1462 841 1507 atquc
864 1452 1031 1492 incertis
1053 1453 1301 1492 clamoribus
1322 1453 1598 1492 turbarentur.

392 1509 438 1550 P.
461 1509 683 1549 Cornelius
705 1509 861 1557 consul,
885 1509 1022 1549 triduo
1043 1509 1127 1549 fere
1153 1518 1258 1564 post,
1282 1524 1407 1564 quam
1431 1507 1645 1548 Hannibal
1665 1509 1716 1548 ab

334 1566 425 1621 ripa
456 1566 654 1606 Rhodani
683 1566 823 1614 movit,
854 1566 1056 1619 quadrato
1093 1566 1258 1621 agmine
1290 1566 1342 1606 ad
1373 1574 1505 1606 castra
1536 1564 1718 1605 hostium

336 1632 517 1671 venerat,
540 1623 697 1663 nullam
719 1622 946 1662 dimicandi
970 1638 1126 1663 moram
1148 1623 1341 1663 facturus.
1408 1621 1623 1670 Ceterum,
1646 1621 1719 1662 ubi

338 1679 500 1720 deserta
530 1680 802 1727 munimenta,
826 1695 903 1719 1100
924 1679 1042 1719 facile
1071 1695 1112 1719 se
1137 1689 1299 1719 tantum
1330 1693 1589 1734 praegressos
1610 1693 1719 1719 asse-

338 1745 530 1777 cuturum
551 1736 687 1784 videtg
722 1736 774 1776 ad
806 1751 917 1776 marc
947 1751 992 1776 ac
1015 1752 1138 1776 naves
1163 1736 1298 1783 rediit,
1322 1736 1450 1776 tutius
1474 1735 1718 1790 faciliusque

338 1794 396 1833 ita
435 1793 707 1834 descendenti
748 1793 798 1833 ab
840 1793 1020 1848 Alpibus
1062 1793 1291 1833 Hannibali
1332 1807 1586 1833 occursurus.
1650 1791 1718 1832 Ne

339 1859 479 1891 tamen
500 1850 613 1890 nuda
633 1849 796 1889 auxiliis
819 1850 1020 1889 Romanis
1042 1850 1247 1905 Hispania
1269 1858 1387 1898 essct,
1406 1864 1531 1904 quam
1553 1849 1721 1904 provin·-

338 1907 444 1947 ciam
478 1907 644 1947 sortitus
685 1915 784 1955 erat,
823 1906 901 1946 Cn.
926 1906 1165 1961 Scipionem
1205 1907 1371 1947 fratrem
1408 1921 1504 1946 cum
1540 1906 1722 1946 maxima

337 1971 453 2019 parte
501 1963 712 2018 copiarum
759 1963 953 2003 adversus
1002 1963 1309 2003 Hasdrubalem
1350 1963 1484 2011 misit3
1536 1978 1622 2003 non
1669 1962 1722 2003 ad

338 2020 516 2060 tuendos
538 2020 826 2060 tantummodo
848 2029 1008 2060 veteres
1030 2020 1160 2060 socios
1191 2020 1558 2075 conciliandosque
1580 2034 1721 2068 novos,

340 2077 413 2117 Sed
434 2077 559 2117 etiam
581 2077 633 2116 ad
646 2076 888 2131 pellendum
908 2076 1113 2131 Hispania
1132 2076 1450 2117 Hasdrubalem.
1514 2076 1608 2131 Ipse
1626 2090 1722 2116 cum

340 2133 565 2173 admodum
587 2134 749 2188 exiguis
770 2134 898 2188 copiis
923 2133 1117 2173 Genuam
1140 2133 1303 2188 repetit,
1327 2148 1389 2182 eo,
1412 2133 1485 2188 qui
1513 2133 1621 2173 circa
1642 2133 1722 2173 Pa·
1736 2142 1755 2172 8

340 2190 440 2230 dum
462 2198 561 2238 erat,
585 2190 771 2230 exercitu
793 2190 955 2230 Italiam
978 2190 1234 2230 defensurus.

337 2283 432 2313 malis
447 2284 532 2319 inde,
548 2284 632 2322 quod
654 2283 686 2313 111
711 2284 802 2313 codd.
826 2288 900 2313 ante
917 2294 1008 2314 voces

1053 2284 1131 2314 haec
1152 2283 1323 2323 descriptio
1344 2283 1447 2313 amnis
1462 2283 1652 2321 Druentiae,
1668 2285 1724 2314 sed

340 2326 449 2356 mediis
464 2327 583 2364 campis
598 2336 661 2355 non
675 2325 846 2363 invenitur,
857 2326 927 2355 loco
940 2336 1007 2355 mu-

1053 2326 1152 2365 magis
1168 2326 1198 2355 in
1217 2326 1396 2355 inferiorem
1418 2329 1541 2365 partem
1558 2326 1724 2364 competit,

341 2371 444 2397 13111111
460 2367 564 2397 fuisse.

383 2409 403 2439 6
425 2411 479 2439 Ad
493 2411 614 2439 laevam
636 2411 671 2439 in
690 2411 881 2439 Tricastinos
893 2411 1005 2447 stavit]

342 2452 441 2486 Quod
468 2452 528 2481 iter
553 2451 639 2481 haud
665 2455 821 2481 memorat
844 2452 1009 2490 Polybius,

340 2497 373 2522 at
397 2493 451 2524 Sil.
478 2494 552 2523 Ital.
576 2493 618 2522 iii.
642 2492 702 2531 466
718 2504 761 2531 sq.
790 2498 822 2522 et
846 2493 1008 2523 Ammian.

341 2546 392 2565 xv.
422 2536 469 2565 28.
524 2535 633 2565 Livius
663 2535 822 2574 regionem
854 2535 1009 2574 designat,

342 2587 423 2615 quae
442 2587 505 2606 non
523 2577 712 2613 Hannibali,
728 2578 783 2607 sed
799 2577 856 2606 sibi
874 2582 929 2606 aut
945 2578 1009 2607 cui-

344 2618 391 2647 vis
419 2619 503 2648 Italo
528 2620 570 2647 ad
592 2620 715 2649 laevam
742 2623 841 2649 essct:
868 2629 937 2648 mos
964 2623 1010 2648 est

345 2659 431 2689 enim
452 2659 618 2696 historicis,
634 2664 669 2689 ut
685 2670 916 2699 nonnunquam
935 2662 1010 2690 dex-

345 2704 427 2730 tram
457 2700 678 2738 sinistramque
710 2712 773 2731 non
802 2704 842 2732 ab
872 2703 1012 2733 hostium

345 2747 447 2781 parte,
462 2743 517 2772 sed
533 2752 552 2771 a
567 2752 623 2771 sua
639 2743 812 2781 designent.
837 2745 977 2775 Smom.

392 2793 407 2823 7
428 2786 462 2814 Is
476 2789 506 2815 et
520 2785 587 2822 ipse
602 2785 744 2822 Alpinus
759 2787 877 2823 amnis]
906 2786 1009 2825 Quip-

346 2837 387 2866 pe
403 2837 441 2857 ex
458 2826 595 2866 Alpibus
607 2826 722 2857 Cottiis
734 2826 846 2858 oriens,
879 2828 1010 2866 Optima

1053 2368 1115 2406 qua
1138 2379 1155 2397 a
1180 2369 1389 2407 Segusterone
1412 2378 1512 2406 usque
1528 2369 1569 2398 ad
1586 2367 1724 2398 Avenio-

1054 2420 1127 2439 nem
1157 2411 1249 2439 alveo
1280 2410 1400 2439 incerto
1427 2410 1508 2440 fluit.
1563 2410 1625 2440 Sed
1655 2413 1724 2439 tota

1054 2452 1132 2481 haec
1165 2452 1246 2481 Livii
1282 2452 1420 2481 narratio
1451 2462 1553 2481 errore
1583 2453 1723 2490 quodam

1054 2494 1257 2523 inensulabali
1271 2494 1429 2532 implicita
1444 2498 1501 2530 est,
1513 2504 1617 2532 neque
1630 2493 1724 2523 facile

1054 2539 1099 2565 est
1113 2535 1296 2572 diiudicare,
1306 2540 1413 2565 utrum
1427 2536 1529 2565 sciens
1541 2536 1632 2572 haec,
1642 2545 1724 2574 quae

1054 2577 1185 2607 minime
1212 2577 1270 2607 sibi
1303 2581 1460 2613 constant,
1487 2577 1657 2616 scripserit,
1682 2587 1724 2607 an

1054 2619 1176 2649 incuria
1212 2620 1410 2649 librariorum
1442 2630 1535 2649 voces
1565 2620 1724 2658 quaedam

1055 2663 1129 2691 sede
1150 2672 1207 2691 sua
1230 2665 1373 2691 mutatae
1389 2661 1461 2691 sint.
1507 2661 1577 2690 Nos
1594 2660 1723 2699 Polybii

1056 2703 1215 2733 medicam
1238 2713 1371 2733 manum
1387 2702 1601 2732 adhibendam
1618 2712 1725 2732 cense-

1055 2755 1136 2775 mus.

1097 2788 1116 2815 8
1140 2788 1285 2817 Genuam
1302 2787 1432 2825 repetit]
1461 2786 1568 2821 Pisas,
1584 2785 1609 2814 si
1628 2785 1724 2824 Poly-

1055 2828 1142 2858 bium
1169 2828 1212 2858 iii.
1242 2827 1291 2867 56.
1319 2827 1496 2859 audiamus.
1543 2826 1724 2865 Exercitus,
