1809 3178
475 120 598 161 Llss.
633 121 780 161 XXII.
828 121 971 162 (JAP.
1012 127 1070 163 12.
1409 130 1460 168 73

90 209 302 249 itineribus
332 225 492 250 summa
522 226 615 251 cum
647 225 745 251 cura
779 211 1012 266 exploratis,
1045 212 1097 252 ad
1130 212 1286 253 hostem
1320 215 1661 269 ‹lucit;1'.‹·.5,›‚5.

89 266 201 306 nullo
243 266 344 313 loeo,
378 268 452 307 nisi
485 277 686 323 quantum
728 268 945 308 necessitas
978 278 1156 322 cogeret,
1188 271 1376 312 fortunae
1417 273 1512 313 seA·
1536 274 1572 302 (Ἃ
1593 284 1661 313 2¹7·

58 324 388 366 5eommissurus.
445 326 541 372 Quo
563 325 741 380 primum
764 325 830 365 die
853 325 964 365 haud
986 326 1125 381 procul
1151 327 1276 382 Arpis
1299 328 1339 367 in
1362 345 1459 369 con-
1476 341 1674 381 Fabiuquuz-

88 390 231 435 spectu
256 381 433 421 bostium
451 382 586 437 posuit
602 392 743 430 castra,
762 382 875 422 nulla
897 398 1008 423 mora
1028 384 1146 431 facta,
1170 385 1271 439 quin
1296 385 1460 426 Poenus
1475 386 1673 415 ¹¹²¹¹¹¹‘¹‘·2¹'⁰<'·

87 437 283 479 educeret,
315 439 355 478 in
387 440 530 487 aciem,
557 440 802 494 copiamque
834 440 1046 495 pugnandi
1079 442 1252 482 taceret:
1287 442 1358 482 sed
1391 431 1528 483 ubim'

87 495 228 549 quieta
267 497 403 536 omnia
433 496 543 551 apud
574 496 721 543 hostes,
755 512 830 537 nec
861 507 991 538 castra
1022 498 1104 537 ullo
1147 499 1325 539 tumultu
1352 511 1462 542 mota

55 552 221 595 ovidet:
268 554 482 608 increpans
513 554 695 608 quidem,
728 554 855 594 victos
886 554 1053 595 tandem
1086 572 1252 611 quoque
1286 556 1460 598 Martios

86 610 244 649 animos
279 611 488 658 Romanis,
521 610 869 666 debellatumque,
903 621 941 652 et
975 628 1214 653 concessum
1248 615 1458 670 propalam

58 666 138 709 7de
169 667 318 708 virtute
349 683 395 707 ac
425 667 553 721 gloria
583 683 682 717 esse,
713 669 754 708 in
786 678 916 709 eastra
943 670 1086 710 rediit:
1121 680 1305 711 ceterum
1338 673 1461 713 tacita

85 739 184 764 cura
222 725 403 764 animum
447 725 649 775 incensus,
692 726 805 780 quod
845 741 940 767 eum
976 727 1094 776 (luce,
1137 728 1459 784 haudquaquam

88 780 289 822 Flaminio
324 782 652 837 Sempronioque
689 783 825 831 simili,
862 784 999 824 futura
1030 785 1106 824 sibi
1143 800 1206 825 res
1239 796 1367 834 esset3
1412 802 1459 827 ae

87 846 173 878 tum
194 838 361 879 denmm
384 839 518 879 edocti
542 840 657 880 malis
688 840 865 880 Romani
896 856 1036 896 parem
1059 841 1287 883 Hannibali
1309 843 1459 884 ducem

53 911 72 936 :z
85 895 349 950 quaesissent.
412 896 468 936 Et
499 897 761 952 prudentiam
792 898 975 953 quidem,
1008 914 1092 939 non
1123 900 1219 949 vim,
1250 901 1459 941 dictatoris

84 952 292 1008 extemplo
314 953 462 994 timuit.
509 954 795 995 Constantiam
819 955 930 996 haud
951 956 1050 996 dum
1073 967 1280 1012 expertus,
1304 959 1458 1013 agitare

84 1025 131 1050 ac
153 1018 310 1051 tentare
341 1011 525 1051 animum
557 1012 763 1053 movendo
793 1013 935 1053 crebro
966 1023 1108 1059 castra,
1135 1015 1457 1071 populandoque

82 1067 123 1106 in
157 1067 285 1108 oculis
315 1068 403 1108 eius
442 1083 560 1124 agros
595 1069 811 1118 sociorum,
843 1071 991 1125 coepit.
1074 1071 1130 1112 Et
1170 1073 1293 1113 modo
1334 1073 1458 1114 citato

83 1124 245 1179 agmine
274 1140 296 1165 e
327 1134 551 1181 conspeetu
582 1127 731 1175 abibat,
755 1127 877 1167 modo
908 1137 1080 1183 repente
1112 1129 1154 1168 in
1186 1129 1324 1185 aliquo
1345 1131 1458 1170 flexu

81 1182 184 1230 viae,
218 1182 249 1222 si
284 1183 474 1237 excipere
514 1183 753 1237 degressum
787 1184 830 1223 in
870 1199 1049 1239 aequum
1086 1195 1234 1240 posset,
1272 1187 1457 1227 occultus

81 1239 335 1279 subsistebat.
401 1239 549 1279 Fabius
577 1255 650 1295 per
677 1240 765 1281 loca
793 1241 873 1281 alta
903 1257 1052 1295 agmen
1080 1242 1269 1293 ducebat,
1293 1244 1456 1285 modico
1470 1256 1560 1286 Fabii
1577 1260 1670 1287 artes.

83 1296 133 1335 ab
165 1295 280 1336 hoste
313 1296 540 1345 intervallo,
573 1305 619 1337 ut
649 1312 785 1352 neque
817 1298 1025 1339 omitteret
1056 1315 1165 1349 eum,
1188 1316 1325 1356 neque
1357 1316 1457 1342 con-

81 1352 331 1406 grederetur.
397 1353 564 1402 Castris,
587 1355 664 1394 nisi
687 1364 887 1409 quantum
911 1371 1006 1396 usus
1027 1358 1256 1397 necessario
1277 1367 1454 1413 cogeret,

83 1410 301 1450 tenebatur
331 1411 458 1451 miles.
536 1411 741 1452 Pabulum
772 1420 813 1452 et
844 1412 955 1467 ligna
984 1428 1061 1454 nec
1091 1414 1212 1469 pauci
1243 1416 1454 1470 petebant,

82 1481 158 1507 nec
180 1468 339 1522 passim.
398 1467 598 1523 Equitum
620 1468 802 1523 levisque
825 1478 1052 1510 armaturae
1075 1471 1207 1520 statio,
1229 1473 1456 1527 composita

81 1523 363 1580 instructaque
386 1525 428 1565 in
459 1525 613 1565 subitos
642 1525 854 1574 tumultus,
878 1535 920 1567 et
947 1542 1020 1567 suo
1051 1527 1171 1568 militi
1193 1537 1281 1568 tuta
1302 1530 1453 1578 onmia,

82 1589 124 1621 et
149 1581 296 1622 infesta
317 1582 454 1622 effusis
474 1582 654 1622 hostium
676 1583 986 1638 populatoribus
1004 1585 1236 1639 praebebat.
1301 1586 1454 1641 Neque

82 1638 272 1679 universo
300 1639 482 1695 periculo
509 1654 670 1680 summa
696 1655 833 1680 rerum
862 1642 1218 1683 committebatur:
1262 1653 1304 1683 et
1331 1659 1455 1698 parva

82 1705 292 1736 momenta
319 1696 471 1736 levium
501 1697 773 1737 certaminum
801 1713 854 1738 ex
883 1707 972 1739 tuto
1001 1708 1254 1755 coeptorum,
1277 1701 1454 1742 finitimo

81 1763 261 1808 receptu,
284 1754 608 1794 assuefaciebant
635 1754 823 1795 territum
852 1755 1034 1811 pristinis
1058 1757 1244 1798 cladibus
1266 1757 1452 1807 militem,

49 1824 68 1854 9
81 1809 216 1851 minus
237 1811 317 1850 iam
340 1811 509 1851 tandem
530 1819 601 1852 aut
620 1812 783 1852 virtutis
808 1822 878 1853 aut
898 1813 1086 1855 fortunae
1107 1815 1320 1870 poenitere
1342 1831 1450 1856 suae.

83 1866 166 1907 Sed
196 1883 281 1908 non
314 1867 594 1909 Hannibalem
629 1869 757 1924 magis
787 1869 982 1911 infestum
1013 1879 1097 1911 tam
1127 1872 1235 1912 sanis
1274 1872 1453 1913 consiliis
1467 1886 1553 1925 Mag.
1571 1886 1656 1925 equi-

55 1923 269 1974 1habebat,
292 1941 416 1981 quam
445 1926 684 1981 magistrum
714 1927 925 1982 equitum:
959 1928 1031 1983 qui
1053 1928 1158 1968 nihil
1179 1929 1304 1978 aliud,
1328 1945 1453 1985 quam
1466 1934 1534 1958 tum
1547 1929 1668 1987 ‘impru-

81 1982 193 2036 quod
215 1982 347 2037 impar
368 1992 454 2023 erat
480 1983 667 2038 imperio,
690 1998 827 2024 morae
856 1985 908 2025 ad
935 1985 1232 2041 rempublicam
1253 1987 1455 2042 praecipi·
1467 1972 1584 2002 denua.

82 2039 248 2079 tandam
270 2040 456 2081 habebat.
519 2040 653 2081 Ferox
680 2041 929 2096 rapidusque
958 2042 1001 2082 in
1030 2042 1222 2092 consiliis,
1241 2040 1292 2084 'ac
1313 2044 1455 2099 lingua

80 2096 338 2146 immodicus,
360 2098 494 2153 primo
524 2098 633 2138 inter
660 2113 826 2154 paucos,
849 2099 947 2139 dein
977 2099 1187 2155 propalam
1219 2101 1262 2140 in
1292 2101 1452 2157 vulgus,

80 2168 154 2208 pro
175 2163 412 2195 cunctatore
434 2170 616 2210 segnem,
638 2170 713 2211 pro
735 2164 855 2196 cauto
877 2156 1081 2206 timidum,
1100 2157 1299 2213 affingens
1319 2158 1455 2199 vicina

81 2210 299 2252 virtutibus
338 2212 449 2261 vitia,
491 2212 785 2268 compellabat:
838 2214 1151 2269 premendoque
1198 2216 1453 2271 superiorem

81 2267 206 2322 (quae
246 2269 423 2324 pessima
453 2285 515 2310 ars
546 2270 668 2311 nimis
708 2270 912 2326 prosperis
943 2271 1167 2312 multorum
1200 2273 1452 2313 successibus

81 2325 228 2380 crevit)
248 2341 335 2366 sese
357 2326 592 2368 extollebat.

124 2485 141 2516 5
165 2479 267 2508 [lami
292 2481 406 2518 procul
433 2482 550 2519 Arpis]
591 2482 745 2520 Polybius
831 2484 850 2512 8
872 2485 947 2513 Non
973 2485 1044 2519 vim,
1066 2485 1243 2521 dictatoria]
1276 2485 1359 2513 Novi
1379 2485 1451 2514 (Ine-

82 2519 163 2549 cirea
188 2520 301 2555 Aecas,
326 2522 436 2551 urbem
460 2523 609 2561 Apuliae,
634 2523 743 2553 itidem
789 2526 864 2554 toris
893 2536 932 2554 ex
959 2525 1140 2555 coniectura
1165 2526 1304 2555 Gronov.
1333 2527 1451 2566 recepit

83 2562 241 2597 Dauniae,
255 2563 353 2592 Fabio
370 2564 496 2593 obvium
512 2565 606 2594 fuisse
620 2565 743 2595 Hanni<
790 2567 927 2597 Bekker.

81 2605 186 2634 halem
202 2605 317 2635 scribit.
342 2607 445 2636 Cnnv.
829 2618 847 2647 9
870 2610 988 2638 sslinus
1005 2632 1011 2639 .
1024 2632 1030 2638 .
1042 2633 1048 2639 .
1063 2610 1240 2648 poenitere]
1266 2610 1285 2640 i.
1297 2620 1323 2641 e.
1341 2610 1451 2641 Minus

123 2646 142 2677 6
172 2649 271 2678 Victos
295 2649 417 2678 tamlem
445 2650 582 2688 quoque]
615 2650 743 2689 Quoque
787 2650 928 2680 diffidere
943 2655 997 2680 aut
1013 2651 1118 2681 virtuti
1135 2656 1190 2681 aut
1205 2653 1349 2683 fmtunae
1365 2664 1449 2684 suae.

81 2699 119 2719 ex
144 2690 322 2720 coniectura
345 2692 484 2720 Gronox'.
506 2691 623 2730 recepit
643 2692 741 2721 Drak.
787 2694 891 2723 Cuma

82 2732 135 2761 sed
153 2732 290 2762 Bekker.
308 2732 420 2762 omisit.
835 2745 842 2764 1
871 2738 971 2771 Quam
995 2738 1077 2775 qaod
1099 2738 1203 2776 impar
1224 2739 1310 2774 erat]
1343 2738 1449 2773 Quem

127 2782 142 2812 7
166 2776 308 2805 (sclerum
326 2777 422 2806 tacita
438 2787 516 2805 cura
533 2778 673 2806 (ιηίιηιιηι
696 2778 741 2807 in·
788 2777 867 2807 nihil
883 2778 970 2807 alind
994 2789 1011 2808 a
1033 2779 1270 2817 praecipitanda
1290 2781 1451 2819 republica

83 2819 208 2854 census]
250 2819 401 2847 Animum
436 2820 563 2848 incessit
597 2819 743 2849 Muretus
787 2820 979 2854 mombatur,
994 2831 1089 2859 quam
1111 2822 1194 2860 quod
1218 2822 1379 2853 dictatoris
1403 2834 1451 2853 ee-

83 2859 273 2896 emendavit,
290 2864 319 2890 et
338 2860 475 2891 Bekker.
493 2860 640 2900 reposuit.
788 2863 860 2892 dere
878 2863 1003 2893 deberet
1020 2863 1163 2903 imperio.
1189 2864 1297 2895 Dosa.
