1825 3173
274 128 326 166 94
789 125 935 167 ΤΙΤΙ
971 125 1147 166 LIVII

72 226 116 256 U.
131 225 169 256 C.
193 217 626 274 536.popularibusque
652 217 807 258 artibus
837 216 1116 265 conciliatum,
1146 217 1196 256 ab
1226 215 1278 263 Q
1296 215 1411 257 Fabii
1440 217 1586 273 opibus
1613 225 1687 259 et6

71 270 109 299 A.
134 269 172 299 C.
194 266 265 298 ²¹6·
277 275 496 316 dictatorio
531 275 704 330 imperio
744 275 952 315 concussis
992 274 1126 315 aliena
1157 273 1314 314 invidia
1348 274 1651 330 splendentem,

277 332 425 388 vulgus
446 340 488 373 et
508 332 724 373 extrahere
741 332 794 373 ad
815 331 1073 372 consulatum
1094 331 1314 380 nitebatur,
1332 331 1474 372 Patres
1495 347 1655 373 sumina

280 405 357 446 ope
391 390 619 439 obstabant,
648 404 701 430 ne
734 405 775 430 se
807 389 1048 430 insectando
1075 388 1153 429 sibi
1179 388 1348 443 aequari
1375 399 1654 431 assuescerent

279 447 480 488 homines.
546 446 597 495 Q.
623 446 803 487 Baebius
825 445 1065 486 Herennius
1086 445 1274 486 tribunus
1290 445 1433 501 plebis,
1456 456 1654 501 eognatus

284 504 334 545 C.
354 504 555 553 Terentii,
579 504 836 545 criminando
864 519 949 544 non
970 512 1159 544 senatum
1184 503 1320 552 modo,
1343 503 1414 543 sed
1436 503 1560 543 etiam
1582 519 1654 544 au-

280 577 414 618 gures,
438 562 551 618 quod
572 562 816 602 dictatorem
837 561 1143 616 prohibuissent
1163 560 1329 601 comitia
1349 560 1558 615 perficere,
1580 577 1655 616 per

74 624 186 673 Baebii
281 619 481 660 invidiam
508 634 651 659 eorum
679 619 859 659 favorem
888 618 1108 658 candidato
1136 632 1209 658 suo
1237 617 1492 658 conciliabat.
1557 624 1568 641 ‘
1584 619 1654 659 Ab

74 668 229 739 ΤΓᾞὴῙῗῙ·
283 676 544 717 ‘hominibus
566 676 784 724 nobilibus,
814 691 888 731 per
909 675 1059 715 multos
1086 690 1215 715 annos
1243 675 1398 715 bellum
1419 677 1655 730 quaerenti-

73 720 221 783 Ξὲἷῑὶἑζι
282 740 293 758 ‘
308 734 396 783 bus,
420 733 701 775 Hannibalem
722 733 765 772 in
788 729 948 773 Italiam
978 732 1202 773 adductum
1221 748 1229 772 :
1263 732 1313 772 ab
1342 732 1502 781 iisdem,
1525 748 1654 788 quum

282 791 507 832 ‘debellari
534 791 673 846 possit,
695 790 838 830 fraude
865 790 907 829 id
940 789 1095 830 bellum
1132 789 1250 830 trahi.
1315 789 1426 830 Cum
1459 798 1655 845 quattuor

281 854 294 872 ⁶
309 848 487 889 militum
507 848 738 903 legionibus
765 847 964 887 universis
990 847 1166 902 pugnari
1194 861 1311 902 posse
1333 847 1567 902 apparuisse
1589 863 1652 897 eo,

282 906 423 961 ‘quod
456 905 517 946 M.
538 905 764 953 Minucius,
798 905 965 945 absente
1008 904 1146 953 Fabio,
1178 919 1371 960 prospere
1402 914 1650 960 pugnasset3

282 964 409 1004 ‘duas
439 962 622 1019 legiones
653 962 760 1002 hosti
791 962 844 1002 ad
874 961 1045 1002 caedem
1075 962 1267 1010 obiectas,
1299 961 1450 1002 deinde
1482 977 1535 1002 ex
1566 962 1655 1018 ipsa

281 1020 431 1061 ‘caede
472 1028 644 1075 ereptaS,
687 1028 732 1059 ut
771 1027 888 1074 pater
931 1028 1211 1074 patronusque
1254 1018 1541 1074 appellaretur,
1581 1020 1653 1074 qui

282 1078 419 1133 ‘prius
448 1077 611 1117 vincere
642 1076 917 1131 prohibuisset
944 1076 1168 1125 Romanos,
1197 1091 1323 1131 quam
1352 1076 1474 1116 vinci.
1539 1075 1654 1117 Con-

281 1134 412 1175 ‘Sules
444 1134 597 1174 deinde
638 1133 828 1173 Fabianis
864 1133 1031 1181 artibus,
1068 1148 1199 1187 quum
1231 1133 1436 1173 debellare
1472 1143 1651 1188 possent,

281 1191 463 1232 ‘bellum
494 1190 677 1231 traxisse.
740 1189 790 1230 Id
820 1189 965 1230 foedus
995 1190 1103 1229 inter
1137 1204 1280 1230 omnes
1310 1190 1469 1230 nobiles
1499 1191 1650 1232 ictum:

281 1253 292 1271 ‘
305 1263 382 1289 nec
403 1248 530 1288 finem
551 1256 646 1288 ante
663 1246 761 1288 belli
782 1246 1006 1294 habituros,
1025 1261 1149 1301 quam
1171 1246 1382 1286 consulem
1398 1261 1492 1286 vere
1514 1246 1653 1302 plebe-

281 1306 405 1354 ‘ium‚
437 1305 480 1345 id
514 1314 587 1353 est,
621 1304 832 1345 hominem
864 1318 1032 1351 novum,
1063 1303 1265 1344 fecissent.
1329 1302 1441 1343 Nam
1472 1303 1685 1359 plebeios7

281 1367 293 1386 ⁶
308 1362 467 1403 nobiles
488 1362 570 1402 iam
591 1361 737 1402 iisdem
759 1361 939 1401 initiatos
961 1375 1048 1400 csse
1065 1361 1198 1410 sacris,
1217 1370 1259 1401 et
1279 1368 1544 1401 contemnere
1565 1361 1659 1417 ple-

282 1424 293 1442 ‘
308 1420 416 1468 bem,
439 1434 491 1459 ex
512 1434 595 1473 quo
612 1418 823 1459 contemni
844 1418 1041 1458 desierint
1056 1433 1080 1458 a
1100 1418 1304 1467 Patribus,
1321 1418 1514 1474 coepisse.
1570 1418 1652 1459 Cui

281 1480 294 1499 ⁶
309 1491 393 1517 non
415 1491 622 1532 apparere,
645 1476 689 1515 id
709 1484 846 1515 aetum
867 1483 909 1515 et
930 1475 1163 1530 quaesitum
1184 1490 1283 1524 esse,
1301 1484 1348 1516 ut
1368 1476 1651 1531 interregnum

282 1533 491 1582 ‘iniretur,
515 1541 559 1573 ut
581 1533 624 1572 in
646 1532 816 1572 Patrum
838 1540 1039 1587 potestate
1061 1533 1229 1573 comitia
1249 1533 1413 1573 essent?
1472 1532 1524 1573 Id
1554 1547 1653 1574 eon-

282 1590 416 1631 ‘sules
439 1591 580 1631 ambos
605 1590 655 1630 ad
683 1589 910 1630 exereitum
942 1589 1140 1629 morando
1166 1590 1393 1644 quaesisse:
1427 1590 1470 1630 id
1497 1598 1650 1645 postea,

282 1648 405 1703 ‘quia
424 1647 562 1688 invitis
584 1647 632 1687 iis
653 1647 829 1687 dictator
848 1654 954 1687 esset
979 1646 1112 1686 dictus
1140 1647 1401 1687 comitiorum
1423 1662 1556 1696 causa,
1580 1663 1652 1691 ex—

282 1709 534 1760 ‘pugnatum
576 1719 675 1753 esse,
710 1712 755 1743 ut
794 1703 963 1744 vitiosus
998 1703 1173 1744 dictator
1204 1718 1278 1759 per
1311 1719 1485 1759 augures
1521 1705 1648 1745 fieret.

281 1767 293 1785 ‘
310 1761 478 1802 Habere
500 1762 626 1817 igitur
646 1762 927 1816 interregnum
949 1775 1028 1801 cos.
1094 1760 1367 1801 Consulatum
1388 1777 1518 1802 unum
1540 1771 1650 1802 certe

280 1824 293 1842 ‘
307 1819 439 1874 plebis
461 1819 674 1859 Romanae
697 1833 782 1858 esse
800 1835 809 1858 :
842 1818 1043 1873 populum
1064 1817 1236 1858 liberum
1255 1818 1492 1859 habiturum
1513 1834 1559 1859 ae
1580 1819 1651 1860 da-

281 1882 292 1900 ‘
310 1888 448 1917 turum
483 1876 534 1925 ei,
565 1876 638 1931 qui
669 1875 797 1930 magis
832 1890 926 1916 vere
959 1875 1136 1924 vincere,
1174 1890 1299 1930 quam
1330 1875 1404 1916 diu
1435 1876 1649 1931 imperare,

282 1933 446 1974 ‘malin’

136 2000 202 2038 35,
341 1990 485 2039 Quum
501 1990 564 2031 his
586 1990 837 2031 orationibus
854 2004 1025 2030 accensa
1044 1989 1161 2045 plebs
1181 1998 1299 2039 esset,
1323 1990 1450 2030 tribus
1470 1990 1651 2045 patriciis

279 2049 529 2104 petentibus,
559 2047 606 2088 P.
626 2047 821 2088 Cornelio
850 2046 1067 2095 Merenda,
1101 2046 1148 2087 L.
1166 2046 1328 2087 Manlio
1356 2046 1555 2096 Vulsone,
1586 2047 1648 2088 M.

280 2105 462 2147 Aemilio
494 2105 669 2160 Lepido,
698 2105 858 2145 duobus
883 2104 1089 2145 nobilibus
1120 2104 1201 2144 iam
1228 2104 1473 2145 familiarum
1500 2104 1649 2160 plebei,

282 2163 332 2203 C.
353 2162 483 2203 Atilio
508 2162 682 2202 Serrano
703 2171 745 2202 et
769 2161 820 2208 Q.
838 2161 961 2202 Aelio
983 2161 1125 2209 Paeto,
1141 2176 1316 2216 quorum
1331 2161 1434 2201 alter
1449 2162 1648 2216 pontifex,

279 2219 383 2260 alter
412 2233 542 2274 augur
572 2228 671 2267 erat,
700 2218 749 2259 C.
769 2218 991 2259 Terentius
1015 2217 1159 2258 consul
1189 2232 1296 2257 unus
1326 2226 1500 2267 creatur,
1529 2226 1575 2258 ut
1605 2219 1649 2258 in

279 2291 406 2317 manu
426 2276 514 2316 eius
535 2284 670 2315 essent
691 2275 857 2315 comitia
883 2274 1066 2330 rogando
1091 2274 1282 2329 collegae.
1346 2274 1459 2315 Tum
1479 2286 1651 2330 experta

279 2333 482 2381 nobilitas,
504 2347 649 2387 parum
669 2331 790 2372 fuisse
819 2332 967 2371 virium
994 2331 1038 2371 in
1066 2331 1415 2387 competitoribus,
1438 2331 1487 2372 L.
1506 2331 1681 2373 Aemi-8

279 2391 380 2431 lium
400 2389 607 2438 Paullum,
631 2389 703 2444 qui
723 2403 819 2429 eum
847 2388 908 2429 M.
933 2388 1054 2429 Livio
1081 2387 1224 2429 consul
1244 2388 1389 2437 fuerat,
1411 2397 1453 2429 et
1479 2389 1680 2437 damna-9

279 2449 391 2489 tione
422 2446 616 2502 collegae,
648 2454 689 2486 et
713 2461 785 2486 sua
814 2461 954 2501 prope,
987 2446 1198 2486 ambustus
1228 2454 1422 2494 evaserat,
1454 2445 1676 2487 infestum1

323 2574 342 2605 6
365 2575 414 2604 Ab
431 2576 467 2611 Q.
483 2575 577 2604 Fabii
598 2575 725 2613 opibus]
753 2574 834 2604 Inde
850 2574 889 2603 ab
905 2584 942 2603 eo
986 2576 1054 2602 tum
1069 2576 1228 2611 gesserant
1249 2573 1394 2612 proximo
1414 2576 1488 2604 ante
1508 2573 1568 2604 hoc
1584 2575 1648 2604 bel-

281 2620 503 2654 tempore,quo
514 2626 589 2655 opes
600 2616 730 2646 Fabiiet
740 2615 942 2645 dictatorium
987 2616 1053 2645 lum
1070 2625 1162 2645 anno.
1187 2616 1291 2646 szv.

281 2657 449 2696 imperium
466 2662 674 2688 concusserat.
699 2659 823 2688 RASCH.
1029 2667 1048 2698 9
1076 2659 1291 2688 Damnatione
1320 2658 1469 2696 colleyae]
1518 2658 1570 2688 De
1599 2658 1647 2689 M.

326 2707 341 2738 7
366 2700 506 2729 Plebeiae
534 2702 666 2737 nobiles]
700 2701 849 2735 Quorum
878 2710 943 2730 ma-
989 2699 1081 2730 Livio
1111 2699 1288 2729 Salinatore
1315 2699 1390 2738 agit,
1418 2700 1472 2737 qui
1503 2700 1646 2729 consula-

281 2742 362 2771 iores
376 2744 462 2780 gesto
477 2741 585 2779 aliquo
597 2742 782 2781 magistratu
794 2742 894 2772 curuli
910 2743 942 2772 in
986 2742 1027 2772 ris
1042 2743 1210 2771 damnatus
1224 2745 1271 2771 est
1286 2752 1305 2771 a
1317 2741 1447 2780 populo,
1458 2742 1541 2779 quod
1559 2752 1645 2780 prae-

281 2787 425 2813 senatum
444 2788 659 2821 pervenerant.
684 2784 824 2814 Smom.
986 2785 1059 2813 dam
1071 2794 1133 2813 non
1141 2783 1316 2822 aequaliter
1325 2782 1472 2812 diviserat
1482 2782 1645 2815 militibus.

323 2826 342 2855 8
365 2827 401 2855 L.
417 2826 587 2855 Aemilium
610 2827 774 2861 Paullum,
794 2828 850 2865 qui
872 2837 941 2856 cum
986 2826 1025 2855 cf.
1044 2825 1185 2856 Frontin.
1202 2825 1242 2855 iv.
1260 2834 1288 2855 2.
1310 2825 1426 2855 SIGON.

281 2870 331 2898 M.
349 2868 438 2898 Livio
453 2868 562 2897 consul
572 2867 704 2904 fuerat]
732 2868 777 2896 Hi
799 2869 940 2897 consula·
1032 2877 1043 2896 Ι
1074 2869 1118 2896 Et
1143 2878 1201 2897 sua
1224 2877 1335 2905 prope,
1357 2868 1534 2905 ambustus]
1567 2867 1585 2898 ἰ.
1617 2879 1643 2899 e.
