1871 3178
528 105 648 146 ΙΙΒ.
684 105 824 146 XXV.
872 104 1015 145 CAV.
1050 108 1085 145 (ἰ.
1411 110 1487 148 237

126 194 244 236 ‘dem
277 194 393 235 miles
424 194 527 235 nihil
560 210 684 250 unqu
677 211 741 235 uu
772 195 906 234 dicam
934 193 985 233 d(
1019 194 1260 249 imperatote
1294 209 1397 243 into,
1423 196 1548 235 enuit
1567 206 1603 234 ι.
1627 213 1696 242 5⁸0-

127 257 212 307 pr
203 261 390 292 iesemm
412 253 562 305 gratias
583 268 651 293 scu
655 268 705 292 un
729 252 778 292 ab
799 260 941 291 senatu
963 259 1039 291 ιιι-ιι
1043 266 1084 299 ι.5·,
1107 250 1219 305 quod
1241 266 1324 290 non
1345 251 1405 291 de
1390 268 1469 307 ·f<p‹
1474 277 1491 282 -
1506 249 1542 277 A.
1568 248 1604 276 (·
1630 256 1697 276 ²¹³·

127 309 301 349 ‘raverit
323 309 374 349 de
393 309 576 364 iepubli(
579 326 622 350 ι·ι
615 341 624 357 ,
657 309 720 349 eui
745 317 834 364 post
853 308 992 361 fugam
1014 308 1064 347 ιι1ι
1083 307 1132 348 (3ι
1125 323 1241 347 uuus
1262 323 1334 362 per
1350 323 1491 348 omues

126 370 279 406 ‘annos
307 376 569 421 plorogatum
599 365 1065 421 i111pcrium.(Jetei‹›s
1095 365 1191 404 item
1225 380 1275 405 ex
1310 365 1491 420 ιοΙίιμιίἰ5

127 423 280 464 ‘cladis
302 439 401 472 eius,
424 439 526 479 quos
556 424 739 463 tribunos
768 422 944 462 militum
973 422 1201 469 habuimus,
1224 421 1399 462 honores
1420 437 1492 477 pe-

127 485 236 521 ‘tere
253 490 294 521 ct
315 496 470 536 gerere,
487 490 526 521 et
545 480 771 535 provincias
788 479 972 519 obtinere
987 479 1227 519 audivimus.
1294 479 1361 518 An
1380 480 1491 519 vobis

127 538 378 592 ‘vestrisque
412 538 548 578 liberis
588 537 796 592 ignoscitis
831 536 960 585 facile,
996 536 1139 576 Patres
1180 536 1412 591 conscripti,
1450 537 1491 575 in

127 595 252 635 ‘haec
273 595 369 635 vilia
392 595 526 649 capita
551 594 746 634 saevitis?
780 593 833 633 Et
861 593 1016 634 consuli
1047 593 1375 648 primoribusque
1405 593 1492 633 aliis·

127 656 138 674 ‘
154 652 328 692 civitatis
349 652 503 705 fugere,
522 666 649 706 quum
671 666 761 706 spes
778 650 856 690 alia
877 650 988 690 nulla
1009 659 1126 698 esset,
1150 660 1267 706 turpe
1291 666 1373 690 non
1396 650 1489 695 fuit:

127 709 300 749 ‘milites
330 709 473 763 utiquc
508 709 723 749 morituros
759 708 797 747 in
836 708 963 748 aciem
1001 707 1194 747 misistis?
1235 707 1303 748 Ad
1339 707 1491 748 Alliam

127 769 278 821 ‘prope
309 766 441 805 omnis
472 766 676 806 exercitus
706 765 832 819 fugit:
872 765 924 805 ad
957 764 1150 805 Furculas
1184 764 1408 813 Caudinas,
1440 780 1492 804 ne

127 827 347 878 ‘expertus
378 822 546 877 quidem
580 832 799 871 certamen,
832 837 942 862 arma
970 821 1139 862 tradidit
1169 822 1288 870 hosti,
1321 831 1366 862 ut
1396 822 1492 862 alias

126 884 139 902 ‘
154 879 368 935 pudendas
389 879 525 920 clades
550 880 805 920 exercituum
835 889 1012 920 taccam:
1047 887 1184 919 tamen
1210 887 1370 920 tantum
1393 879 1494 919 afuit

126 937 202 978 ‘ab
242 952 303 985 eo,
346 946 392 976 ut
438 936 520 977 ulla
568 937 794 991 ignominia
840 937 886 976 iis
927 937 1174 977 exercitibus
1214 945 1491 992 quaereretur,

126 998 138 1016 ‘
154 1002 199 1034 ut
223 1002 265 1034 et
292 994 388 1034 urbs
417 993 552 1034 Roma
576 1009 648 1049 per
675 1009 771 1034 eum
799 994 1038 1042 exercitum,
1061 994 1132 1048 qui
1162 994 1211 1034 ab
1234 993 1345 1034 Allia
1368 993 1493 1034 Veios

127 1051 439 1106 ‘transfugerat,
472 1060 803 1106 recuperaretur;
841 1060 883 1091 et
913 1051 1128 1091 Caudinae
1162 1050 1357 1105 legiones,
1387 1066 1492 1105 quae

126 1109 240 1149 ‘sine
271 1108 392 1149 armis
420 1108 626 1149 redierant
653 1108 842 1156 Romam,
869 1117 1046 1148 armatae
1079 1108 1268 1148 remissae
1300 1108 1341 1147 in
1378 1107 1494 1147 Sam-

127 1169 139 1188 ‘
154 1166 283 1213 nium,
306 1165 486 1206 eundem
511 1165 627 1205 illum
656 1165 814 1205 hostem
836 1166 910 1204 sul)
940 1165 1080 1219 iugum
1103 1164 1300 1213 miserint,
1324 1164 1395 1219 qui
1417 1164 1493 1204 hac

128 1227 140 1244 ‘
155 1238 227 1263 sua
242 1222 469 1277 ignominia
486 1222 658 1262 laetatus
674 1222 816 1262 fuerat.
881 1222 1145 1262 Cannensem
1162 1236 1258 1261 vero
1275 1222 1492 1276 quisquam

129 1279 383 1320 ‘exercitum
413 1279 532 1334 fugae
563 1288 634 1319 aut
668 1279 827 1334 pavoris
858 1278 1090 1318 insimulare
1122 1287 1268 1334 potest,
1303 1278 1371 1318 ubi
1402 1278 1494 1333 plus

128 1336 456 1392 ‘quinquaginta
486 1335 613 1376 millia
643 1335 856 1375 hominum
889 1336 1160 1376 ceciderunt?
1210 1335 1320 1375 unde
1352 1335 1493 1375 consul

128 1398 247 1434 ‘cum
282 1393 489 1448 equitibus
521 1393 780 1448 septuaginta
816 1393 949 1448 fugit?
990 1392 1099 1432 unde
1142 1408 1264 1432 nemo
1297 1401 1493 1447 superest,

128 1451 232 1491 ‘nisi
253 1466 377 1506 quem
404 1450 531 1490 hostis
552 1449 761 1491 caedendo
782 1450 909 1489 fessus
930 1449 1124 1504 leliquit‘?
1159 1449 1301 1496 Quum
1323 1449 1494 1504 captivis

129 1508 383 1563 ‘redemptio
404 1507 642 1562 negabatur,
665 1522 739 1547 nos
760 1506 881 1561 vulgo
908 1506 1096 1546 homines
1122 1506 1358 1554 laudabant,
1380 1506 1493 1561 quod

128 1565 400 1621 ‘reipublicae
429 1579 503 1605 nos
524 1579 863 1604 r'esclvassemus:
898 1563 1011 1618 quod
1039 1563 1091 1603 ad
1118 1562 1328 1603 consulem
1350 1563 1494 1603 Venu-

128 1622 255 1663 ‘siam
287 1621 544 1670 redissemus,
579 1629 619 1661 et
654 1620 833 1676 speciem
872 1620 969 1661 iusti
1007 1620 1210 1661 exercitus
1245 1620 1491 1661 fecissemus.

127 1684 139 1701 (
156 1679 283 1719 Nunc
303 1678 503 1719 deteriore
532 1677 769 1719 conditione
791 1692 942 1726 sumus,
966 1693 1089 1733 quam
1117 1677 1229 1733 apud
1258 1686 1394 1733 paties
1420 1693 1494 1718 no-

127 1740 139 1758 ‘
151 1744 253 1777 stros
268 1736 430 1776 fuerant
445 1735 606 1791 captivi.
672 1734 839 1790 Quippe
856 1734 934 1775 illis
950 1750 1062 1775 arma
1075 1743 1237 1775 tantum
1254 1743 1377 1790 atque
1394 1735 1494 1775 ordo

129 1798 140 1816 ‘
156 1792 372 1842 militandi,
394 1792 604 1848 locusque,
627 1793 671 1832 in
699 1807 781 1847 quo
804 1791 1023 1832 tenderent
1044 1792 1087 1831 in
1107 1792 1258 1840 castris,
1282 1801 1342 1832 est
1362 1801 1495 1832 muta-

128 1855 239 1891 ‘tusz
273 1865 378 1906 quae
407 1859 559 1898 tamen,
581 1849 707 1890 semel
731 1857 877 1890 navata
904 1848 1151 1904 reipublicae
1177 1864 1313 1904 opera,
1343 1858 1385 1890 ct
1411 1864 1495 1889 nno

128 1907 265 1948 ‘felici
296 1906 465 1963 proelio,
499 1915 803 1971 recuperalunt.
868 1905 1006 1947 Nemo
1040 1921 1183 1947 eorum
1218 1906 1422 1961 relegatus
1452 1907 1493 1946 iu

128 1964 343 2006 ‘exsilium
373 1972 458 2005 est:
492 1979 649 2004 nemim
680 1979 771 2019 spes
801 1963 1012 2004 emerendi
1042 1963 1249 2019 stipendia
1277 1963 1492 2019 adempta:

128 2021 280 2063 ‘hostis
306 2021 487 2086 denique
516 2030 577 2062 est
603 2021 735 2086 datus,
758 2036 852 2061 cum
880 2035 963 2075 quo
992 2020 1249 2068 dimicantes,
1272 2029 1343 2061 aut
1368 2020 1494 2060 vitam

128 2079 293 2128 ‘,semel
325 2086 397 2120 aut
420 2078 688 2134 ignominiam
714 2078 892 2118 finiient.
956 2077 1057 2125 Nos,
1087 2078 1248 2132 quibus,
1277 2077 1355 2117 nisi
1383 2076 1496 2131 quod

128 2135 446 2185 ‘commisimus,
467 2145 514 2176 ut
534 2135 752 2191 quisquam
777 2150 828 2175 ex
853 2134 1064 2175 Cannensi
1086 2134 1172 2174 acie
1202 2133 1318 2174 miles
1340 2133 1495 2174 Roma-

129 2197 230 2234 ‘nus
249 2202 490 2249 superesset,
511 2192 616 2233 nihil
636 2192 759 2233 obiici
779 2199 926 2247 potest,
948 2206 1032 2232 non
1053 2191 1185 2231 solum
1210 2206 1233 2231 a
1253 2191 1383 2246 patria
1402 2205 1495 2246 pro-

129 2249 224 2289 ‘cul
250 2249 464 2314 Italiaque,
487 2249 560 2290 sed
581 2250 631 2290 ab
658 2249 774 2290 hoste
796 2249 933 2298 etiam,
956 2248 1126 2304 relegati
1147 2262 1308 2288 sumus:
1343 2248 1415 2288 ubi
1435 2262 1497 2288 se·

130 2310 142 2328 ‘
154 2320 367 2346 nescamus
387 2308 431 2346 in
452 2306 608 2355 exsilio,
626 2321 678 2347 ne
700 2322 782 2361 qua
801 2321 905 2361 spes,
927 2321 979 2345 ne
1000 2320 1083 2360 qua
1097 2305 1254 2345 occasio
1271 2304 1495 2345 abolendae

131 2367 143 2385 ‘
155 2362 418 2418 ignominiae,
436 2378 488 2403 ne
508 2377 590 2427 qua
609 2363 832 2418 placandae
849 2363 1001 2403 Civium
1023 2362 1119 2410 irae,
1138 2377 1190 2402 ne
1213 2376 1295 2417 qua
1314 2361 1496 2415 denique

131 2419 260 2459 ‘bene
282 2418 485 2459 moriendi
505 2420 568 2459 sit.
632 2419 814 2474 Neque
804 2419 1054 2474 lgnominiae
1065 2419 1216 2482 finem,
1238 2433 1314 2458 nec
1335 2417 1498 2458 virtutis

131 2475 383 2531 ‘praemium
414 2475 614 2531 petimus3
647 2475 770 2516 modo
798 2475 978 2530 experiri
1007 2475 1206 2523 animum,
1235 2484 1277 2514 et
1303 2474 1496 2514 virtutem

131 2538 346 2573 ‘exercere
368 2532 498 2572 liceat.
562 2532 764 2572 Laborem
787 2541 827 2571 et
854 2531 1084 2586 periculum
1111 2531 1302 2585 petimus,
1325 2539 1371 2571 ut
1390 2531 1497 2571 viro-

174 2680 191 2709 3
215 2672 257 2700 In
278 2680 339 2710 quo
361 2671 539 2707 tenderent]
566 2669 715 2699 Tentoria
740 2679 792 2707 po·
837 2673 920 2705 rent;
944 2668 996 2707 qui
1013 2668 1135 2707 pedites
1149 2669 1285 2705 fuerant,
1306 2667 1337 2698 in
1361 2668 1497 2698 fundito-

131 2716 252 2749 nerent,
271 2722 387 2751 nempe
409 2716 499 2742 extra
522 2712 640 2741 vallum
664 2711 793 2741 tendere
838 2721 906 2740 rum
923 2710 1042 2740 auxilia
1057 2710 1368 2741 transcriberentur.”
1406 2711 1498 2741 Haec

132 2765 185 2785 eos
214 2755 388 2793 oportebat.
433 2755 452 2769 ‘⁵
471 2754 721 2789 Decrevemnt,”
748 2753 793 2782 in·
838 2754 877 2783 de
897 2753 1040 2792 eaptiviS,
1056 2762 1133 2791 quos
1149 2753 1289 2792 Pyrrhus
1310 2752 1499 2789 reddiderat,

133 2797 201 2836 quit
218 2797 291 2827 Val.
305 2796 395 2827 Max.
407 2796 438 2827 ii.
458 2803 484 2835 7,
501 2798 520 2811 ‘⁶
534 2800 569 2825 utv
585 2820 591 2826 .
607 2820 613 2826 .
626 2820 632 2826 .
648 2795 700 2834 qui
714 2805 794 2834 equo
839 2807 855 2826 ιι
873 2799 983 2825 senatu
1000 2796 1124 2825 decreta
1141 2799 1222 2825 sunt.

133 2842 322 2875 meruerant,
351 2839 494 2877 peditum
524 2849 654 2868 numero
681 2838 794 2868 milita-
