1809 3178
514 105 636 146 Llss.
671 104 818 144 XXll.
866 105 1008 144 (JAl‘.
1049 109 1108 145 lo.
1446 109 1490 147 71

126 201 249 242 verba
264 201 454 257 populus,
475 200 644 241 ‘Velitis
662 199 887 239 iubeatisne
911 199 988 239 boc
1005 199 1061 239 sic
1076 199 1188 238 lieri?
1218 199 1248 237 si
1269 200 1494 254 respublica
1514 210 1553 240 1'.
1571 211 1607 240 (J.
1625 219 1695 248 535·

128 258 297 314 ‘populi
332 258 507 299 Romani
540 257 765 305 Quiritium
797 256 847 296 ad
880 256 1214 311 ‹piinquennium
1247 253 1546 310 proxiinuuuA·
1571 254 1694 291 C·2¹7·

127 315 259 356 ‘sieut
290 315 410 356 velim
443 331 545 361 eam,
576 314 684 354 salva
713 323 869 354 servata
899 314 975 353 erit
1007 313 1116 353 bisce
1149 312 1318 360 duellis3
1361 314 1493 367 (quod

127 377 139 395 ‘
154 372 338 413 duellum
360 373 514 428 populo
532 372 720 412 Romano
742 386 835 410 cuni
857 370 1187 423 Carthaginiensi
1211 379 1283 417 est,
1303 385 1492 425 quaeque

98 440 107 460 ¹
127 429 289 470 ‘duella
309 445 403 471 cuin
429 429 559 470 Gallis
580 436 687 475 sunt,
710 428 782 483 qui
803 428 860 468 cis
883 427 1012 482 Alpes
1037 434 1152 479 sunt)
1173 426 1314 467 datum
1337 426 1489 467 donum

126 486 245 528 ‘duit
274 487 451 543 populus
484 486 697 526 Romanus
731 485 973 533 Quiritium,
996 484 1108 539 quod
1135 499 1206 524 ver
1235 483 1417 524 attulerit
1442 500 1491 525 cx

94 555 109 574 2
127 549 138 566 ‘
153 544 284 590 suillo,
300 544 434 593 ovillo,
450 543 629 598 caprino,
644 541 795 582 bovillo
811 557 948 595 grege,
964 556 1153 597 quaeque
1168 541 1337 596 profana
1357 551 1491 590 erunt,

94 597 136 626 3‘
155 600 240 641 Iovi
272 602 373 650 lieri,
396 616 448 641 cx
479 616 560 655 qua
587 599 654 640 die
685 596 848 639 senatus
880 599 1137 654 populusque
1169 599 1342 639 iusserit.
1408 599 1490 646 Qui

93 642 111 668 ⁴
127 663 138 681 ‘
153 658 286 705 faciet,
308 658 474 713 quaudo
496 657 617 705 volet,
640 672 804 712 quaque
831 656 919 709 lege
942 656 1063 705 volet,
1086 656 1230 696 facito:
1265 672 1348 711 quo
1370 656 1493 697 niodo

127 716 264 765 ‘faxit,
286 716 410 771 probe
432 715 584 755 factum
613 724 710 755 esto.
776 714 819 754 Si
844 714 885 753 id
916 713 1099 761 moritur,
1123 713 1235 767 qnod
1257 713 1344 753 fieri
1374 728 1493 768 opor-

126 773 265 821 ‘tebit,
287 772 503 828 profanum
528 780 626 820 esto,
650 787 786 826 neque
816 770 946 811 scelus
977 780 1074 811 esto.
1139 771 1182 810 Si
1211 770 1302 825 quis
1330 780 1492 826 rumpet

93 838 109 868 5
126 835 136 852 ‘
152 829 361 870 occidetve
380 829 567 877 insciens,
586 844 636 869 ue
652 829 759 868 fraus
772 838 869 868 esto.
935 827 974 868 Si
995 828 1087 883 quis
1100 827 1256 883 clepsit,
1273 843 1324 868 ne
1339 828 1492 883 populo

90 893 109 924 6
125 886 282 927 ‘scelus
322 894 422 935 esto,
460 902 563 926 neve
604 886 670 926 eui
711 885 892 941 cleptum
934 885 1021 925 erit.
1087 884 1129 925 Si
1163 894 1248 925 atro
1289 885 1355 925 die
1391 886 1493 926 faxit

124 950 135 967 ‘
151 944 339 993 insciens,
362 944 488 999 probe
510 943 663 984 factum
693 952 790 983 esto.
856 942 898 982 Si
922 951 1040 982 nocte
1063 942 1145 982 sive
1172 942 1277 991 lnce,
1300 943 1333 982 si
1354 958 1492 983 servus

80 1001 232 1041 ·7‘sivc
266 1001 369 1041 liber
401 1001 515 1049 faxit,
541 1001 666 1056 probe
699 999 853 1040 factum
886 1009 984 1040 esto.
1050 999 1092 1040 Si
1124 999 1290 1040 antidea
1328 1009 1492 1040 senatus

124 1058 407 1113 ‘populusque
430 1058 591 1098 iusserit
612 1058 712 1105 fieri,
736 1074 781 1097 ac
802 1057 915 1103 faxit,
931 1072 980 1097 eo
1001 1056 1178 1112 populus
1199 1057 1367 1106 solntuS,
1391 1057 1493 1098 liber

90 1121 135 1157 8‘
150 1118 263 1156 csto.’
323 1115 520 1156 Eiusdem
546 1115 604 1155 rei
632 1130 753 1155 eausa
784 1114 871 1154 ludi
903 1114 1040 1168 magni
1061 1114 1144 1154 voti
1166 1114 1269 1154 aeris
1301 1115 1492 1155 trecentis
1506 1120 1587 1168 Luudi
1604 1131 1687 1161 mag-

122 1172 290 1228 triginta
319 1173 448 1213 tribus
485 1172 677 1221 millibus,
710 1171 904 1211 trecentis
940 1171 1107 1225 triginta
1144 1171 1284 1219 tribus,
1318 1171 1546 1212 trientezm·

121 1238 333 1285 praeterea
353 1230 486 1269 bubus
501 1229 589 1268 Iovi
612 1228 816 1277 trecentis,
832 1227 970 1268 multis
992 1227 1079 1268 aliis
1100 1227 1204 1267 divis
1225 1228 1357 1268 bubus
1378 1228 1490 1277 albis,

122 1294 245 1341 atque
286 1286 431 1326 ceteris
467 1285 620 1325 hostiis.
683 1284 801 1325 Votis
835 1285 909 1324 rite
951 1285 1211 1339 nuncupatis,
1249 1285 1491 1340 supplicatio

122 1343 277 1384 edicta:
311 1342 669 1398 supplicatumque
692 1342 774 1382 iere
796 1357 890 1381 eum
916 1342 1161 1396 coniugibus
1181 1357 1227 1382 ae
1249 1342 1386 1382 liberis
1407 1358 1492 1383 non

122 1401 277 1441 urbana
308 1399 530 1440 multitudo
563 1408 736 1448 tantum,
771 1398 843 1439 sed
876 1399 1096 1453 agrestium
1133 1399 1268 1447 etiam,
1306 1412 1409 1454 quos
1450 1400 1492 1439 in

122 1457 260 1512 aliqua
275 1472 345 1497 sua
360 1458 524 1497 fortuna
544 1456 732 1512 publicae
750 1471 915 1510 quoque
934 1456 1201 1510 contingebat
1217 1470 1325 1496 cura.
1379 1456 1489 1497 Tum
1505 1465 1670 1496 Lea-nster-

120 1514 420 1555 lectisteruium
450 1529 523 1569 per
557 1513 739 1553 triduum
775 1512 975 1561 habitum,
1008 1512 1249 1553 decemviris
1285 1528 1491 1553 sacrorum
1504 1508 1602 1539 nium.

120 1571 369 1612 curantibus.
434 1570 515 1611 Sex
548 1569 776 1626 pulvinaria
808 1569 850 1609 in
887 1579 1110 1625 conspeetu
1136 1569 1276 1610 suere:
1320 1569 1408 1611 Iovi
1444 1586 1490 1612 ae

120 1628 273 1669 Iunoni
306 1643 460 1668 unum:
503 1627 677 1668 alterum
712 1626 914 1682 Neptuno
954 1642 1000 1667 ac
1037 1626 1276 1675 Minervae3
1321 1628 1490 1668 tertium

121 1685 249 1726 Marti
278 1700 325 1725 ac
353 1684 532 1733 Veneri3
565 1693 758 1740 quartum
788 1683 975 1739 Apollini
1000 1699 1045 1724 ac
1075 1684 1260 1733 Dianae3
1293 1685 1486 1739 quintum

119 1742 308 1783 Vulcano
339 1757 384 1782 ae
416 1741 456 1782 V
459 1751 595 1790 estae3
638 1751 800 1782 sextum
832 1740 1044 1782 Mercurio
1081 1756 1126 1781 ae
1161 1741 1315 1782 Cereri.
1378 1742 1489 1782 Tum
1502 1751 1607 1781 Aedes
1624 1752 1686 1782 Ve-

119 1799 240 1840 aedes
260 1808 391 1840 votae.
452 1798 607 1839 Veneri
631 1798 835 1854 Erycinae
861 1798 1006 1838 aedem
1031 1799 1083 1846 Q.
1104 1797 1253 1839 Fabius
1278 1798 1489 1840 Maximus
1502 1794 1567 1823 neri
1584 1799 1615 1824 et

150 1857 157 1864 .
395 1857 402 1864 .
544 1857 552 1863 .
603 1856 610 1863 .
851 1855 858 1862 .
984 1855 991 1862 .
1047 1855 1054 1862 .
1155 1856 1162 1863 .
1460 1857 1467 1864 .
1504 1836 1607 1866 Menti
1624 1847 1674 1866 vo-

118 1857 294 1897 dletator
314 1865 450 1905 vovrt3
483 1871 581 1912 quia
601 1864 658 1897 ita
677 1871 729 1896 ex
750 1854 939 1896 fatahbus
966 1855 1078 1896 llbrls
1099 1855 1255 1896 editum
1278 1866 1376 1906 erat,
1391 1865 1436 1897 ut
1458 1872 1490 1897 ls
1503 1881 1563 1908 tae.

164 2010 175 2030 1
202 2002 327 2031 Donum
344 2002 429 2039 cluit]
467 2002 549 2031 Dm‘t
571 2001 701 2040 antiqua
721 2002 779 2031 for-

118 2052 171 2072 ma
181 2043 264 2073 vocis
274 2045 335 2079 del,
348 2048 382 2073 ut
392 2054 475 2082 supr.
484 2055 512 2074 x.
525 2054 570 2084 ιι).
597 2045 780 2073 Sollennem

120 2085 183 2115 voti
198 2085 366 2116 formulam
383 2087 462 2116 bene
479 2086 613 2116 illustrat
629 2086 685 2116 illa
700 2096 781 2125 quae

120 2127 253 2157 occurrit
268 2127 338 2158 infr.
355 2127 461 2158 xxxvi.
481 2139 507 2158 2.

161 2179 177 2199 2
203 2171 353 2210 Quaeque
375 2172 516 2209 profana
540 2171 651 2208 erunt]
686 2170 780 2205 Quae

118 2222 181 2241 non
207 2218 329 2242 saerata
354 2213 417 2243 iani
444 2216 535 2242 erunt
561 2212 614 2242 alii
641 2212 778 2251 cuipiam

118 2254 199 2285 divo.
246 2255 371 2294 Itaque,
395 2255 418 2285 si
444 2265 524 2293 quae
554 2259 647 2285 antea
674 2265 780 2285 conse-

119 2300 203 2326 crata
222 2297 364 2334 fuissent,
384 2307 421 2327 ea
443 2297 503 2327 hoc
527 2304 599 2327 voto
622 2308 685 2327 non
709 2307 779 2327 eon-

867 2010 883 2040 5
905 2002 1038 2040 Clepsit]
1059 2001 1196 2031 Furatus
1211 2000 1323 2031 fuerit:
1344 2002 1490 2039 cleptum,

825 2043 907 2073 furto
931 2044 1142 2074 subductum:
1171 2054 1190 2073 a
1206 2043 1330 2073 Graeco
1354 2042 1487 2073 κλέπτω.

825 2086 863 2116 cf.
881 2086 950 2116 Cic.
967 2087 1006 2115 de
1023 2086 1118 2124 Legg.
1135 2085 1165 2116 ii.
1182 2095 1210 2126 9.

866 2127 884 2157 6
908 2130 988 2158 Atro
1004 2129 1069 2165 die]
1097 2129 1171 2157 Acri
1189 2127 1255 2157 dies
1275 2127 1369 2157 iidem
1387 2132 1487 2165 erant,

824 2170 876 2208 qui
900 2171 1049 2208 relissiosi,
1072 2170 1185 2208 quibus
1208 2180 1322 2208 nempe
1347 2171 1396 2200 vel
1420 2180 1486 2200 rem

825 2212 963 2242 divinam
980 2212 1094 2249 faeere,
1105 2213 1153 2242 vel
1170 2222 1234 2241 rem
1251 2222 1365 2242 novam
1379 2222 1486 2250 quam-

825 2254 911 2293 piam
941 2254 1075 2284 exordiri
1105 2254 1246 2293 religioni
1277 2258 1352 2284 erat.
1391 2255 1429 2284 ef.
1447 2255 1485 2284 A.

826 2297 913 2327 Gell.
931 2307 958 2327 v.
978 2304 1024 2335 17.

119 2338 310 2369 tinebantur.
336 2340 439 2370 CREV.

160 2389 177 2418 3
187 2382 222 2410 Io
228 2382 353 2419 vifieri]
368 2382 649 2417 Quemadmodum
659 2381 780 2411 Graece

120 2432 179 2451 vox
195 2420 290 2460 ῥέζειν
305 2424 343 2453 de
359 2423 517 2453 sacrificiis
533 2423 658 2459 dicitur,
673 2423 779 2462 itasa-

119 2475 187 2494 cere
204 2468 233 2493 et
242 2465 320 2502 fieri
338 2465 451 2494 Latine
466 2470 666 2504 usurpantur.

161 2518 179 2543 4
202 2507 256 2535 Em
278 2517 341 2545 qim.
364 2507 413 2537 die
433 2512 563 2537 senatus
581 2508 781 2546 populusque

118 2549 261 2585 iusserit]
282 2548 442 2578 Nimirum
458 2549 498 2578 ad
513 2548 675 2578 arbitrium
692 2559 779 2578 sena-

118 2594 170 2620 tus
195 2590 370 2629 populique
396 2591 621 2623 reservabatur,
644 2600 705 2629 quo
730 2590 780 2620 die

119 2642 173 2663 rer
194 2642 317 2662 sactum
339 2632 478 2671 incipere
501 2633 636 2662 deberet.
684 2632 779 2662 Unde

119 2675 188 2705 infr.
215 2675 322 2705 xxxiv.
350 2687 399 2713 44.
426 2674 480 2704 ubi
508 2674 566 2704 hoe
593 2674 672 2704 reris
701 2674 780 2704 sacri

121 2721 227 2747 votum
251 2717 449 2756 persolvitur,
466 2716 644 2746 decernitur
661 2727 713 2747 rer
732 2728 780 2746 scc-

119 2770 207 2789 crum
223 2760 323 2789 videri
343 2769 451 2798 pecus,
466 2760 548 2798 qnod
570 2764 680 2788 natum
702 2764 779 2789 esset

120 2803 203 2831 inter
214 2802 377 2831 Kalendas
389 2802 540 2838 illm-lias,
555 2806 584 2832 et
596 2802 702 2840 pridie
714 2803 777 2831 Ka-

120 2844 229 2873 lendas
245 2845 363 2874 [Unius.
388 2844 491 2874 Cam.

869 2347 884 2377 7
907 2340 942 2368 Si
958 2341 1103 2377 antidea]
1128 2340 1162 2368 Si
1185 2344 1315 2369 senatus
1334 2339 1484 2377 populus-

825 2392 884 2420 que
907 2383 1032 2412 iusserit
1046 2382 1136 2420 fieri,
1159 2381 1224 2410 sive
1242 2380 1409 2415 immolari,
1429 2391 1484 2409 an-

825 2424 907 2453 ticlea
930 2434 967 2453 (lc
982 2424 1084 2461 fcerit,
1099 2423 1131 2453 id
1147 2426 1203 2459 est,
1220 2423 1399 2461 priusquam
1425 2422 1484 2460 pri-

825 2469 915 2495 vatus
930 2465 1085 2503 quispiam
1107 2465 1196 2501 faxit,
1215 2464 1280 2493 sive
1303 2464 1483 2493 immolave—

825 2507 884 2536 rit:
920 2507 944 2536 si
970 2507 1109 2544 privatus
1135 2506 1248 2544 aliquis
1274 2505 1483 2535 immolaverit

824 2558 921 2586 pecus
938 2553 1044 2577 votum
1062 2552 1131 2586 post
1148 2548 1231 2577 diem
1255 2557 1273 2576 a
1296 2552 1406 2577 senatu
1430 2558 1484 2586 po-

825 2590 964 2628 puloque
988 2589 1200 2628 praefinitum,
1216 2589 1248 2619 id
1267 2600 1306 2619 ne
1322 2590 1423 2619 fraudi
1445 2590 1483 2620 sit

824 2632 953 2670 populo.
984 2634 1009 2661 -·1
1019 2633 1123 2662 ntidea
1135 2643 1171 2662 (w
1181 2631 1310 2670 antique
1323 2642 1378 2670 pro
1389 2637 1484 2663 antea

824 2684 872 2710 (tc,
888 2674 907 2704 i.
921 2685 946 2704 e.
963 2675 1161 2713 prinsquam,
1176 2673 1255 2704 sieut
1269 2675 1409 2713 posle'detz
1427 2684 1483 2713 pro

821 2721 939 2754 postea.
970 2716 1009 2746 cf.
1028 2716 1133 2746 Plaut.
1145 2716 1223 2747 Cist.
1235 2717 1305 2746 Act.
1317 2716 1346 2746 ii.
1363 2718 1410 2747 Sc.
1422 2717 1441 2747 i.
1454 2727 1481 2756 3.

824 2758 932 2788 Aulul.
951 2759 1021 2788 Act.
1038 2757 1057 2788 i.
1075 2758 1124 2788 Sc.
1141 2758 1171 2788 ii.
1189 2768 1238 2797 40.

870 2801 888 2830 8
919 2801 1076 2831 Trecentis
1112 2802 1243 2840 ίνίῃίηίιι
1282 2803 1397 2839 tribus]
1445 2801 1483 2832 cf.

824 2843 956 2874 Niebhr.
974 2843 1005 2874 ii.
1021 2853 1051 2873 n.
1073 2842 1159 2883 1296.
