1877 3178
526 358 925 411 EPITOME
985 357 1237 410 LIBRI
1296 356 1580 408 XXVIII.

359 679 487 719 RES
503 680 544 718 in
564 679 771 732 Hispania
790 693 980 732 prospere
996 684 1129 732 qestae
1149 693 1175 716 a
1200 678 1354 725 Silano,
1383 677 1583 731 Scipionis
1603 677 1741 731 leqato,

356 742 394 774 et
412 736 462 774 ab
484 736 534 774 L.
557 735 739 788 Scipione
756 737 898 788 fratre
919 736 1107 774 adversus
1128 735 1293 781 Poenos,
1317 749 1342 772 a
1369 734 1546 786 Sulpicio
1568 748 1744 787 procon-

357 792 441 830 sule
471 798 508 830 et
536 792 585 830 ab
606 792 747 830 Attalo
772 807 859 845 resse
880 792 1003 830 Asiae
1028 792 1215 829 acloersus
1238 791 1473 842 Pliilippmn
1495 804 1621 843 reqenz
1643 790 1743 829 Ma-

360 848 560 895 cedonum,
584 862 661 900 pro
682 848 844 895 Aetolis,
871 849 1110 899 refhruntur.
1183 846 1315 895 Quum
1337 847 1400 885 M.
1419 846 1537 885 Livio
1557 853 1594 885 et
1620 846 1743 886 Clau-

357 904 422 942 dio
443 904 599 942 Neroni
618 905 839 943 consulibus
860 904 1084 956 triumphus
1105 903 1279 941 decretus
1307 909 1412 950 esset,
1435 902 1590 949 Livius,
1613 905 1683 955 qui
1701 904 1743 942 in

349 961 560 1012 provincia
581 974 655 998 sua
682 975 762 999 rem
788 966 978 1012 9essemt,
1001 960 1208 1012 quadri‘qis
1225 961 1397 998 invectus
1418 965 1473 997 est
1484 974 1499 1006 ,·
1530 958 1652 1006 Nero,
1675 960 1745 1012 qui

357 1017 398 1054 in
430 1016 596 1068 colleqae
619 1017 883 1068 provinciam,
908 1022 952 1054 ut
980 1017 1186 1053 victoriam
1215 1017 1297 1053 eius
1327 1016 1546 1062 adiuvaret,
1570 1021 1740 1064 venerat,

357 1069 452 1124 equo
473 1078 529 1110 cst
548 1078 713 1119 secutus,
737 1078 774 1110 et
793 1073 833 1110 in
855 1072 926 1110 lzoc
951 1071 1087 1109 habitu
1112 1071 1210 1123 plus
1236 1071 1388 1123 qloriae
1419 1073 1740 1124 reverentiaeque,

356 1127 518 1165 habuit:
552 1142 644 1166 nani
667 1134 703 1166 et
719 1128 814 1181 plus
836 1129 876 1166 in
897 1127 1004 1174 bello,
1028 1142 1148 1179 quani
1170 1127 1328 1179 colleqa,
1340 1128 1510 1179 fecerat.
1568 1127 1680 1180 anis
1700 1129 1742 1166 in

356 1184 450 1221 aede
494 1183 630 1222 Vestae
663 1185 897 1237 neqliqentia
931 1185 1108 1236 vityinis,
1147 1198 1248 1236 quae
1280 1197 1356 1222 non
1392 1183 1641 1231 custodierat,
1678 1199 1742 1222 ex-

356 1241 521 1278 stinctus
551 1246 631 1279 est:
664 1242 774 1293 vir-[so
805 1255 919 1279 caesa
950 1246 1006 1278 est
1019 1239 1175 1292 flaqro.
1236 1239 1286 1278 R
1308 1239 1442 1292 Scipio
1471 1241 1511 1278 in
1534 1239 1742 1292 Hispania

358 1310 446 1334 cum
474 1296 619 1335 Poenis
646 1297 851 1335 debellavit
879 1302 1021 1349 quarto
1051 1297 1197 1334 decimo
1226 1297 1442 1334 annaeius
1474 1296 1573 1343 belli,
1606 1298 1741 1349 quinto

350 1358 444 1404 post
463 1367 579 1400 anno,
603 1367 721 1405 quani
744 1355 868 1392 ierat:
902 1353 1140 1404 exclusisque
1170 1353 1210 1390 in
1242 1358 1364 1390 totum
1388 1353 1629 1404 possessione
1659 1355 1741 1391 eius

357 1409 541 1455 hostibus,
565 1409 811 1461 IIispaniani
843 1410 1013 1462 recepit:
1051 1415 1088 1447 et
1107 1423 1132 1447 a
1164 1409 1394 1447 Tarracone
1414 1410 1455 1447 in
1476 1408 1665 1460 Africam
1686 1409 1743 1447 ad

363 1464 588 1516 Sy).›liacenz
624 1480 749 1518 ressem
782 1465 1054 1504 Mimidarum
1092 1465 1240 1503 duobus
1276 1466 1445 1518 naviqiis
1481 1471 1738 1513 transvectus,

345 1521 494 1571 foedus
515 1523 653 1560 iuravit.
712 1522 959 1561 IIasdrubal
984 1521 1170 1574 Gisyonis
1192 1522 1246 1559 ibi
1265 1535 1352 1559 cum
1374 1535 1414 1559 eo
1436 1522 1476 1559 in
1497 1522 1624 1560 eodem
1647 1522 1740 1560 lecto

358 1577 550 1615 accubuit.
614 1578 770 1616 flsltnus
792 1578 1078 1630 qlodiatorium
1101 1579 1141 1616 in
1163 1578 1343 1616 honorem
1367 1579 1500 1630 patris
1520 1579 1743 1631 patruique

367 1631 610 1685 Cartlzaqine
630 1634 749 1671 AVova
778 1635 909 1681 edidit,
933 1648 1008 1672 non
1039 1649 1083 1672 ea·
1108 1634 1410 1686 yladiatoribus,
1433 1634 1502 1672 sed
1526 1649 1572 1672 ea:
1592 1635 1651 1682 iis,
1674 1635 1745 1687 qui

359 1694 433 1727 aut
461 1690 502 1727 in
532 1689 713 1728 honorem
745 1690 868 1736 ducis,
900 1696 973 1728 aut
1001 1704 1045 1727 ea:
1067 1692 1349 1743 provocatione
1380 1692 1420 1729 in
1452 1696 1644 1729 certamen
1677 1691 1743 1729 de-

359 1745 592 1783 scendebant
606 1761 619 1784 .·
661 1747 702 1784 in
732 1759 807 1798 quo
838 1746 966 1798 requli
983 1747 1145 1797 fratres
1175 1747 1221 1783 de
1251 1760 1368 1798 reyno
1390 1747 1510 1797 ferro
1541 1747 1742 1785 contende-

359 1807 464 1839 runt.
535 1801 668 1850 Quum
688 1802 848 1854 Astapa
880 1802 972 1840 urbs
1002 1802 1050 1840 ab
1072 1802 1266 1839 Romanis
1298 1808 1606 1854 oppuqnmctur,
1629 1804 1741 1854 oppi-

359 1857 457 1897 dani
476 1858 612 1896 liberos
633 1864 670 1896 et
689 1860 868 1910 coniuqes
889 1872 981 1910 rosso
1002 1864 1196 1896 avstructo
1213 1858 1447 1905 occiderunt,
1464 1864 1500 1896 et
1519 1872 1557 1896 se
1578 1860 1741 1911 insuper

352 1915 730 1966 praecipitaverunt.
794 1915 884 1966 Ipse
919 1914 1064 1967 Scipio,
1097 1914 1190 1952 duni
1216 1916 1337 1966 97²an
1365 1914 1495 1952 morbo
1526 1914 1740 1967 implicitus

358 1977 425 2018 est,
449 1971 682 2017 seditionem,
706 1972 746 2009 in
765 1977 886 2023 parte
915 1972 1103 2009 eoeercitus
1133 1976 1289 2017 motam,
1313 1971 1569 2021 corfirmatus
1589 1971 1739 2010 discus-

359 2028 421 2073 sit,
445 2027 745 2080 rebellantesque
765 2028 993 2080 Hispaniae
1015 2027 1184 2080 populos
1215 2028 1336 2079 coeqit
1363 2028 1403 2065 in
1428 2027 1656 2066 deditionem
1676 2042 1740 2066 ve-

360 2084 444 2121 nire
455 2099 470 2130 ,-
502 2090 548 2130 εἰ,
573 2085 749 2122 amicitia
757 2085 881 2136 facta
904 2098 991 2122 Cum
1013 2084 1236 2123 IIIasinissa
1258 2098 1345 2136 reqe
1366 2083 1650 2131 IVumidarum,
1672 2085 1743 2137 qui

360 2140 421 2177 illi
443 2140 650 2187 auxilium,
672 2141 707 2178 si
726 2141 766 2178 in
788 2140 976 2192 Africam
998 2141 1222 2186 traiecisset,
1237 2140 1514 2193 pollicebatur,
1538 2154 1625 2178 cum
1652 2140 1741 2179 Ga-

359 2196 507 2234 ditanis
537 2211 687 2249 quoque
709 2203 803 2248 post
831 2197 1040 2235 discessum
1066 2197 1154 2234 inde
1176 2196 1377 2248 ffilaqonis,
1401 2197 1466 2234 cui
1494 2210 1539 2234 ea:
1566 2195 1740 2235 Cartha-

354 2253 447 2304 qine
476 2254 666 2305 scriptum
696 2259 794 2300 erat,
818 2259 863 2291 ut
888 2254 928 2291 in
950 2252 1116 2291 Italiam
1137 2253 1347 2299 traiiceret,
1369 2252 1540 2291 Romani
1560 2267 1739 2291 reversus

360 2309 567 2361 consulque
603 2315 767 2348 creatus.
829 2309 1017 2360 Africam
1049 2309 1302 2362 provinciam
1336 2310 1497 2360 petenti,
1540 2307 1738 2348 contradi-

360 2371 464 2403 cente
493 2364 541 2413 Q.
561 2365 688 2403 Fabio
709 2365 904 2412 Blamimo,
933 2364 1073 2404 Sicilia
1103 2365 1199 2403 data
1230 2370 1312 2403 est:
1341 2366 1663 2418 permissumque,
1696 2366 1737 2404 in

359 2420 547 2472 Afi‘icam
575 2423 783 2469 traiiceret,
805 2423 841 2460 si
859 2436 904 2460 eii·
924 2421 1124 2474 republica
1145 2435 1222 2459 esse
1243 2427 1418 2460 censeret.
1480 2421 1621 2474 Ilffaqo,
1643 2421 1738 2459 Ha-

359 2477 535 2516 milcaris
545 2477 680 2527 filius,
703 2493 728 2517 a
750 2479 897 2518 minore
917 2477 1085 2517 Baliari
1103 2477 1245 2524 insula,
1269 2477 1336 2516 ubi
1354 2478 1562 2526 liiemarat,
1584 2478 1625 2516 in
1647 2476 1736 2517 Ita-

361 2532 455 2572 liam
477 2535 643 2573 traiecit.
