1877 3178
339 114 420 153 284
839 110 985 152 TITI
1024 109 1199 152 LIVII

136 208 178 239 U.
195 208 231 239 C.
254 201 487 247 541.‘datus
518 210 636 251 esset,
667 200 781 243 brevi
816 201 997 242 effecisse
1032 199 1250 256 disciplina
1281 208 1405 256 atque
1441 201 1626 258 imperio,
1658 210 1706 242 ut

132 251 173 281 A.
195 251 233 282 C.
255 260 326 281 ²¹¹·
341 265 351 283 ‘
364 272 488 300 nemo
508 273 650 300 eorum
670 258 833 314 generis
853 273 900 298 ac
924 257 1134 314 sanguinis
1154 257 1217 298 sui
1238 272 1395 298 memor
1414 258 1458 298 in
1478 259 1563 300 acie
1584 267 1702 308 esset,

340 316 568 372 ‘praesidio
588 316 719 365 sociis,
739 315 925 356 hostibus
946 315 1090 356 terrori
1111 322 1264 355 essent:
1301 313 1468 364 Cumas,
1487 315 1704 357 Beneven-

340 378 353 396 ‘
365 382 467 422 tum,
484 373 664 428 aliasque
685 373 807 413 urbes
823 387 892 413 eos
906 372 1020 413 velut
1039 387 1061 412 e
1076 371 1262 412 faucibus
1283 370 1529 412 Hannibalis
1545 381 1705 428 ereptas

341 435 353 453 ‘
368 429 522 486 populo
544 430 735 471 Romano
756 429 991 470 restituisse.
1055 428 1135 469 Cn.
1154 428 1344 469 Fulvium
1369 429 1596 476 Quiritium
1617 430 1705 470 Ro-

341 492 352 510 ‘
366 501 579 528 manorum
602 487 843 536 exercitum,
864 486 1035 527 honeste
1059 486 1232 541 genitos,
1253 485 1476 526 liberaliter
1495 486 1703 536 educatos,

340 543 578 585 ‘servilibus
598 544 707 585 vitiis
733 543 947 584 imbuisse:
980 557 1077 599 ergo
1105 543 1300 591 effecisse,
1322 551 1369 583 ut
1394 542 1549 584 seroces
1576 551 1618 584 et
1640 543 1705 583 in-

340 606 352 624 ‘
368 601 497 656 quieti
519 601 627 642 inter
653 601 794 650 socios,
816 600 953 656 ignavi
981 608 1022 640 et
1045 599 1231 640 imbelles
1257 600 1367 640 inter
1392 599 1529 641 hostes
1555 609 1703 649 essent,

341 663 353 681 ‘
369 671 446 698 nec
466 658 668 713 impetum
689 657 813 698 modo
842 658 1090 705 Poenorum,
1113 657 1185 697 sed
1213 672 1264 697 ne
1292 656 1513 697 clamorem
1534 657 1703 712 quidem
1719 675 1736 708 7

341 715 568 755 ‘sustinere
598 723 775 770 possent.
837 714 942 763 Nec,
974 714 1153 762 hercule,
1179 714 1329 754 mirum
1354 729 1453 763 esse,
1480 714 1631 755 milites
1660 714 1735 755 in8

340 777 352 794 ‘
367 771 454 812 acie
475 785 559 812 non
579 772 750 820 stetisse,
768 786 897 826 quum
918 771 1075 826 primus
1089 771 1274 811 omnium
1291 771 1513 826 imperator
1530 771 1701 826 fugeret.

341 834 353 851 ‘
369 827 506 884 Magis
536 829 673 869 mirari
703 843 759 876 sc,
788 828 947 883 aliquos
971 836 1123 868 stantes
1147 828 1354 876 cecidisse,
1383 837 1425 868 et
1451 843 1535 868 non
1562 843 1704 869 omnes

340 890 353 908 ⁶
367 885 538 926 comites
558 884 636 926 Cn.
653 885 785 925 Fulvii
802 885 924 925 fuisse
942 885 1101 940 pavoris
1117 899 1162 925 ac
1178 884 1310 939 fugae.
1375 884 1424 925 C.
1442 885 1704 935 Flaminium,

340 947 352 965 ‘
367 942 416 982 L.
435 941 641 991 Paullum,
664 942 711 982 L.
731 942 1004 991 Postumium,
1030 941 1109 982 Cn.
1128 956 1174 982 ac
1195 941 1241 981 P.
1261 941 1472 997 Scipiones
1493 941 1638 982 cadere
1659 942 1703 982 in

339 1004 351 1021 ‘
366 998 453 1039 acie
474 998 677 1047 maluisse,
695 1013 820 1053 quam
841 998 1027 1039 deserere
1044 999 1342 1039 circumventos
1358 999 1584 1039 exercitus:
1621 998 1700 1040 Cn.

338 1055 558 1095 ‘Fulvium
588 1070 715 1110 prope
748 1069 878 1094 unum
909 1055 1103 1095 nuntium
1133 1054 1259 1094 deleti
1290 1055 1493 1096 exercitus
1524 1055 1703 1096 Romam

338 1112 525 1152 ‘redisse.
587 1111 762 1152 Facinus
788 1111 1007 1166 indignum
1035 1126 1135 1159 esse,
1167 1111 1431 1152 Cannensem
1462 1113 1702 1162 exercitum,

337 1174 348 1191 ‘
362 1169 475 1224 quod
496 1183 547 1208 ex
569 1169 655 1209 acie
676 1168 838 1223 fugerit,
853 1168 897 1207 in
922 1167 1101 1208 Siciliam
1118 1167 1392 1222 deportatum,
1408 1183 1461 1209 ne
1477 1169 1589 1223 prius
1605 1169 1702 1210 inde

337 1231 349 1248 ‘
365 1225 608 1274 dimittatur,
631 1240 755 1281 quam
783 1224 911 1265 hostis
931 1239 983 1265 ex
1011 1224 1131 1264 ltalia
1160 1224 1392 1274 decesserit,
1414 1233 1456 1265 et
1486 1225 1564 1265 hoc
1591 1225 1702 1266 idem

337 1283 408 1322 ‘in
451 1281 530 1323 Cn.
555 1282 689 1323 Fulvii
724 1282 956 1337 legionibus
995 1296 1129 1337 nuper
1167 1281 1402 1322 decretum:
1448 1281 1526 1322 Cn.
1558 1281 1703 1323 Fulvio

337 1345 348 1363 ‘
364 1340 503 1394 fugam
525 1353 578 1380 ex
602 1338 770 1395 proelio,
793 1339 919 1394 ipsius
947 1339 1177 1379 temeritate
1206 1339 1434 1388 commisso,
1456 1339 1702 1394 impunitam

337 1402 473 1437 ‘cssez
516 1405 559 1437 et
590 1411 686 1437 eum
721 1397 764 1436 in
794 1411 925 1451 ganea
953 1396 1186 1451 lustrisque,
1218 1396 1289 1436 ubi
1319 1396 1528 1436 iuventam
1558 1397 1702 1452 egerit,

336 1458 348 1476 ⁶
363 1462 619 1494 senectutem
641 1462 849 1493 acturum:
883 1452 1044 1502 milites,
1068 1453 1140 1509 qui
1160 1452 1266 1492 nihil
1292 1452 1405 1493 aliud
1428 1453 1701 1508 peccaverint,

337 1516 348 1534 ‘
361 1524 484 1565 quam
507 1509 620 1565 quod
646 1510 902 1565 imperatoris
922 1510 1074 1550 similes
1094 1510 1260 1558 fuerint,
1282 1509 1483 1565 relegatos
1509 1525 1637 1566 prope
1658 1510 1703 1551 in

336 1571 348 1590 ‘
362 1566 566 1615 exsilium,
601 1567 917 1619 ignominiosam
957 1568 1042 1622 pati
1079 1567 1278 1607 militiam.
1340 1567 1463 1608 Adeo
1502 1567 1702 1623 imparem

337 1629 349 1647 ‘
364 1623 593 1664 libertatem
617 1623 775 1663 Romae
796 1623 873 1663 diti
894 1638 939 1664 ac
960 1624 1145 1678 pauperi,
1166 1624 1366 1664 honorato
1382 1632 1505 1679 atque
1526 1624 1703 1665 inhono-

207 1689 243 1726 3,
338 1685 450 1720 ‘rato
482 1680 593 1720 esse.’
654 1680 768 1720 Reus
799 1680 850 1720 ab
882 1695 923 1721 se
957 1680 1119 1735 culpam
1152 1680 1195 1720 in
1230 1680 1379 1721 milites
1410 1681 1698 1722 transferebat:

130 1743 170 1789 Se
186 1744 291 1774 defen-
337 1742 350 1760 ‘
368 1736 450 1777 Eos
470 1737 659 1778 ferociter
684 1752 866 1792 pugnam
895 1745 1111 1792 poscentes
1137 1737 1357 1791 productos
1384 1737 1427 1776 in
1452 1738 1595 1787 aciem,
1616 1753 1702 1779 non

128 1786 184 1816 ¹¹¹*
337 1800 350 1818 ‘
365 1809 427 1842 eo,
450 1809 533 1849 quo
552 1794 768 1842 voluerint,
792 1794 889 1849 quia
912 1808 1047 1834 serum
1068 1793 1151 1833 diei
1175 1793 1310 1842 fuerit,
1333 1794 1405 1833 sed
1428 1802 1590 1848 postero
1618 1795 1699 1844 die,

337 1857 407 1891 ‘et
434 1859 617 1906 tempore
645 1859 687 1891 et
713 1850 804 1891 loco
831 1865 964 1905 aequo
990 1850 1223 1898 instructos,
1251 1865 1323 1890 seu
1346 1850 1497 1890 famam
1521 1865 1593 1890 seu
1616 1851 1700 1891 vim

336 1907 541 1948 ‘hostium
571 1923 654 1948 non
684 1908 933 1948 sustinuisse.
998 1906 1141 1954 Quum
1166 1907 1293 1947 effuse
1324 1921 1466 1947 omnes
1494 1906 1698 1962 fugerent,

335 1971 401 2005 ‘se
424 1980 589 2020 quoque
612 1965 730 2005 turba
757 1964 960 2012 ablatum3
992 1972 1039 2004 ut
1059 1963 1290 2004 Varronem
1314 1963 1525 2004 Cannensi
1545 1979 1698 2019 pugna,

335 2028 345 2045 ‘
362 2030 408 2061 ut
428 2021 578 2062 multos
598 2021 697 2062 alios
718 2021 995 2076 imperatores.
1060 2020 1146 2068 Qui
1170 2029 1306 2060 autem
1329 2020 1461 2060 solum
1481 2035 1523 2061 se
1544 2029 1699 2062 restan-

334 2084 345 2102 ‘
362 2086 444 2119 tem
465 2078 657 2133 prodesse
678 2078 940 2134 reipublicae,
958 2078 1038 2117 nisi
1057 2078 1089 2117 si
1111 2092 1218 2117 mors
1234 2092 1306 2117 sua
1321 2077 1504 2117 remedio
1525 2077 1699 2133 publicis

334 2142 346 2159 ⁶
359 2135 542 2176 cladibus
562 2136 700 2176 futura
720 2144 836 2184 esset,
854 2135 1064 2190 potuisse?
1096 2134 1138 2174 N
1142 2149 1196 2174 on
1216 2149 1257 2174 se
1279 2134 1418 2189 inopia
1433 2143 1698 2186 commeatus,

335 2199 443 2233 ‘non
470 2192 514 2232 in
542 2192 630 2233 loca
656 2192 800 2247 iniqua
827 2192 991 2232 incaute
1020 2191 1258 2240 deductum,
1280 2206 1362 2231 non
1391 2191 1554 2246 agmine
1581 2192 1699 2233 inex-

334 2256 345 2273 ‘
361 2249 518 2304 plorato
540 2258 708 2290 euntem
735 2249 894 2289 insidiis
914 2249 1250 2289 circumventum.
1312 2247 1367 2287 Vi
1389 2256 1540 2303 aperta,
1562 2249 1697 2299 armis,

334 2313 345 2330 ‘
358 2306 444 2346 acie
461 2306 632 2347 victum:
666 2321 742 2347 nec
759 2321 925 2346 suorum
947 2305 1116 2354 animos,
1134 2320 1212 2345 nec
1228 2305 1421 2354 hostium,
1438 2305 1482 2344 in
1498 2313 1697 2361 potestate

334 2370 345 2387 ‘
362 2363 562 2403 habuisse.
627 2363 756 2403 Suum
777 2363 927 2418 cuique
949 2362 1162 2417 ingenium
1183 2362 1394 2402 audaciam
1416 2371 1486 2402 aut
1505 2377 1697 2417 pavorem

335 2427 345 2443 ‘
358 2420 517 2461 facere.’
557 2419 629 2460 Bis
645 2429 707 2460 est
722 2429 946 2468 accusatus,
960 2419 1217 2475 pecuniaque
1235 2419 1497 2474 anquisitum.
1541 2419 1695 2470 Tertio,
1709 2435 1728 2467 9

378 2554 394 2584 7
416 2548 485 2577 Nec
509 2548 659 2586 impetum
684 2547 786 2584 modo]
826 2546 869 2576 Et
894 2546 992 2585 impc-
1037 2549 1212 2584 postremas
1242 2555 1333 2576 voces
1364 2546 1500 2577 Bekker.
1530 2546 1627 2584 delet,
1661 2550 1697 2576 ut

334 2592 399 2617 tum
426 2590 604 2618 Poenorum
630 2599 693 2618 non
722 2589 817 2618 modo
841 2588 993 2618 sustinere
1037 2599 1118 2626 quae
1138 2588 1169 2618 in
1186 2589 1268 2627 plur.
1287 2589 1376 2619 codd.
1393 2599 1455 2618 non
1471 2592 1616 2619 exstent:
1640 2589 1695 2619 sed

334 2639 394 2658 non
414 2634 548 2667 possent.
589 2631 783 2669 Plerumque
800 2630 907 2660 Livius
923 2634 993 2669 post
1039 2640 1146 2660 vocem
1169 2630 1320 2669 aliquam,
1344 2641 1370 2661 e.
1393 2641 1421 2669 g.
1442 2631 1577 2668 cessisse,
1601 2640 1694 2669 quam

334 2671 390 2699 has
418 2682 507 2701 voces
533 2684 598 2703 non
620 2674 706 2703 modo
728 2672 896 2712 supprimit
919 2683 992 2709 non,
1037 2677 1110 2702 ante
1132 2673 1245 2703 milites
1265 2672 1390 2711 reponit
1409 2672 1560 2710 Gronov.,
1576 2672 1693 2702 deside-

334 2712 387 2740 ubi
410 2712 441 2741 ln
465 2714 605 2751 sequenti
627 2716 768 2744 membro
784 2715 937 2753 reperitur
952 2725 991 2744 ne
1036 2714 1093 2743 rari
1111 2715 1205 2753 plane
1222 2714 1329 2753 liquet.

335 2776 343 2783 .
360 2776 366 2782 .
384 2776 392 2783 .
407 2755 539 2792 quidem.
586 2756 744 2794 Exempla
766 2756 841 2786 alibi
866 2756 989 2794 collegi·
1076 2767 1095 2796 9
1117 2758 1322 2796 Pecmziaquc
1336 2757 1545 2796 anquisitum]
1571 2755 1692 2794 Anqui-

333 2804 414 2825 muS.
437 2795 540 2825 CREV.
1034 2809 1104 2828 rere
1131 2798 1254 2836 proprie
1284 2799 1365 2828 idem
1394 2801 1439 2827 est
1465 2808 1502 2827 ac
1530 2807 1691 2836 quaerere,

377 2837 395 2866 8
412 2838 533 2867 Milites
545 2839 578 2867 in
591 2840 657 2868 acie
669 2849 731 2869 non
743 2841 876 2875 stetisse]
902 2840 990 2869 Duas
1034 2840 1098 2869 sive
1128 2841 1297 2879 inquio-cre.
1354 2839 1418 2869 Hic
1446 2840 1484 2869 de
1514 2848 1550 2868 eo
1579 2838 1692 2868 dicitur
