1877 3178
350 101 432 138 212
858 96 1007 138 ΤΙΤΙ
1047 96 1219 137 LIVII

140 197 191 228 U.
202 196 239 227 C.
262 196 332 235 538.
345 187 516 243 sagittis,
538 201 632 243 pars
652 186 938 242 scorpionibus
959 185 1134 226 modicis
1159 200 1212 225 ex
1234 186 1397 226 occulto
1414 187 1612 242 petebant
1633 186 1761 227 hos-4

139 239 334 277 A...Czr4

149 1222 198 1251 Ab
216 1230 315 1259 oppu-

145 1262 295 1301 gnationc

146 1305 302 1335 absistunt

149 1348 299 1378 Romani.

211 1392 278 1430 35.

149 1447 324 1477 Marcellus

147 1489 228 1518 alias
243 1490 336 1519 urbes

148 1531 244 1570 capit.

349 254 445 286 tem.
511 243 631 292 Quae
662 244 832 299 piopius
860 243 1065 299 quaedam
1094 243 1288 283 subibant
1318 258 1454 291 naves,
1478 259 1560 298 quo
1586 240 1762 302 intell-3

349 317 439 343 ores
470 302 620 343 ictibus
655 310 957 342 tormentorum
993 309 1142 348 essent,
1177 300 1221 339 in
1257 315 1325 340 eas
1361 300 1570 341 tollenone
1607 316 1760 356 super7

349 374 514 400 murum
531 358 742 400 eminente
763 358 896 398 ferrea
916 373 1062 398 manus
1076 357 1124 396 fir
1128 372 1217 397 mae
1240 367 1410 397 catenae
1427 357 1583 413 illigata
1599 373 1729 413 quum

350 417 504 457 iniecta
523 431 667 472 pr·oiae
693 423 812 463 esset,
834 415 948 469 grati
972 415 1060 455 libr·
1053 423 1219 454 amento
1247 414 1407 470 plumbi
1434 414 1655 455 recellente
1677 415 1729 455 ad

351 473 497 522 solum,
520 487 717 527 suspensa
746 486 880 527 pr·01a,
909 472 1047 512 navim
1078 472 1122 511 111
1150 486 1325 527 pupp1m
1355 472 1583 512 statuebat:
1617 471 1729 520 dein,

351 531 520 571 remissa
539 530 688 578 subito,
705 528 820 569 velut
841 544 893 569 ex
915 544 1033 569 muro
1055 529 1274 569 cadentem
1296 529 1433 569 navim
1454 544 1550 569 cum
1570 528 1731 584 ingenti

352 587 628 643 trepidatione
650 594 869 627 nautarum
890 586 946 626 ita
965 586 1099 627 undae
1117 585 1334 641 affligebat,
1358 596 1416 635 ut,
1439 586 1600 626 etiamsi
1621 594 1731 626 recta

352 644 566 692 reciderat,
593 643 852 698 aliquantum
885 658 1016 707 aquae
1050 643 1265 698 acciperet.
1329 643 1393 683 Ita
1419 643 1624 683 maritima
1659 657 1732 698 op-

352 701 552 757 puonatio
569 709 631 740 est
652 700 778 749 elusa,
794 715 1010 755 omnisque
1028 717 1051 740 v
1055 700 1088 741 is
1109 709 1169 740 est
1190 716 1239 741 00
1257 716 1383 750 versa,
1402 709 1448 741 ut
1470 700 1565 741 totis
1578 700 1732 740 viribus

353 768 461 799 terra
500 757 835 812 aggrederentur,
902 757 985 798 Sed
1026 772 1073 798 ca
1105 772 1273 813 quoque
1307 772 1398 812 pars
1431 757 1578 798 eodem
1618 757 1732 797 omni

353 823 553 870 apparatu
593 823 893 855 tormentorum
932 815 1133 855 instructa
1168 823 1267 863 erat,
1301 814 1500 855 Hieronis
1535 814 1733 869 impensis

353 887 535 927 curaque
555 886 630 927 per
645 871 797 912 multos
819 887 960 919 annos,
980 871 1246 912 Archimedis
1267 872 1388 912 unica
1410 880 1507 912 arte.
1572 871 1734 912 Natura

353 929 478 970 etiam
510 929 673 969 iuvabat
705 928 796 977 loci,
820 929 933 984 quod
961 944 1118 977 saxum,
1142 929 1207 969 cui
1239 929 1429 984 imposita
1455 929 1560 969 muri
1586 928 1734 968 sunda—

355 995 496 1027 menta
516 995 624 1035 sunt,
648 1001 797 1042 magna
825 1001 877 1026 cx
898 995 1013 1041 parte
1036 986 1093 1026 ita
1117 985 1297 1041 proclive
1320 996 1393 1035 est,
1416 994 1462 1026 ut
1495 1001 1580 1026 non
1601 985 1732 1026 solum

353 1044 476 1084 missa
515 1052 735 1091 tormento,
769 1043 842 1083 sed
882 1043 1007 1083 etiam
1041 1058 1146 1097 quae
1181 1043 1364 1098 pondere
1406 1058 1479 1083 suo
1519 1042 1736 1098 provoluta

354 1108 503 1149 essent,
536 1100 714 1155 graviter
746 1101 790 1140 in
827 1100 986 1140 hostem
1023 1099 1490 1140 incidelcnt.E1dem
1526 1115 1648 1140 causa
1682 1099 1734 1140 ad

354 1157 618 1198 subeundum
640 1157 816 1197 arduum
837 1157 997 1196 aditum
1027 1156 1377 1211 instabilemque
1369 1171 1597 1211 ingressum
1618 1171 1735 1212 plae—

353 1215 489 1255 bebat.
552 1214 628 1263 Ita,
658 1213 830 1254 consilio
855 1214 1009 1262 habito,
1033 1228 1163 1268 quum
1195 1214 1329 1253 omnis
1356 1222 1527 1254 conatus
1556 1213 1735 1253 ludibrio

352 1280 473 1321 esset,
496 1271 690 1312 ι1115151010
719 1270 1043 1326 oppugnatione,
1072 1279 1195 1325 atque
1230 1270 1459 1311 obsidendo
1485 1279 1646 1310 tantum
1673 1285 1736 1310 ar—

355 1344 448 1370 cere
471 1338 578 1370 terra
598 1328 784 1383 marique
807 1328 1106 1368 commeatibus
1128 1327 1287 1368 hostem
1309 1327 1476 1383 placuit.

414 1386 587 1426 Interim
630 1385 867 1434 Marcellus,
901 1400 997 1425 cum
1039 1385 1158 1425 tertia
1187 1385 1271 1425 fere
1302 1394 1418 1440 parte
1449 1385 1655 1425 exercitus
1684 1384 1737 1425 ad

357 1443 614 1498 recipiendas
642 1443 765 1483 urbes
792 1442 1015 1497 profectuS,
1039 1457 1145 1497 quae
1175 1442 1216 1482 in
1247 1451 1362 1482 motu
1391 1457 1529 1482 rerum
1550 1442 1603 1482 ad
1634 1441 1736 1482 Car-

356 1607 455 1637 ciliari
480 1612 596 1647 potest,
614 1611 649 1637 ut
673 1607 759 1637 dicas
786 1607 942 1637 foramina
966 1606 1025 1637 ista
1062 1609 1184 1646 factus.
1210 1608 1315 1639 CREv.

356 1660 410 1680 seu
425 1661 504 1681 cava
523 1650 713 1680 intrinsecus
729 1650 893 1684 cubitalia,
909 1649 1025 1679 extrin-
1120 1657 1135 1689 7
1164 1651 1205 1679 In
1235 1661 1289 1680 eas
1319 1651 1490 1688 tollenone]
1537 1651 1661 1681 Tolleno
1691 1654 1737 1681 051

355 1703 447 1722 secus
463 1702 536 1722 vero
552 1692 718 1731 palmaria,
734 1692 839 1722 fuisse.
865 1692 1004 1722 81110111.

397 1747 416 1772 4
426 1736 666 1774 Scorpionihzts]
681 1736 867 1773 Scorpiones
877 1738 949 1763 sunt
961 1744 1025 1763 ma-

357 1776 471 1807 chinae
490 1777 624 1807 bellicae
648 1777 688 1806 ad
711 1777 862 1806 vibranda
884 1776 1024 1806 missilia.

360 1819 411 1849 De
436 1819 475 1849 iis
500 1819 545 1849 sic
570 1819 667 1849 habet
695 1819 870 1858 Vegetius:
903 1819 1025 1848 “Scor-

358 1861 468 1900 piones
498 1861 659 1898 dicebant,
692 1871 769 1899 quas
798 1871 884 1891 nunc
915 1871 1026 1890 manu-

357 1904 500 1934 ballistas
518 1907 641 1934 vocant.
683 1904 762 1933 Ideo
778 1903 822 1933 sie
838 1903 1026 1941 nuncupati,

357 1946 442 1984 quod
480 1946 585 1985 parvis
626 1946 857 1984 subtilibusque
895 1945 1026 1984 spiculis

357 1992 491 2018 mortem
515 1988 686 2018 i11ferant.⁷'
732 1988 791 2017 Vir
810 1998 892 2017 unus
912 1998 965 2017 eos
981 1987 1024 2017 di-

357 2030 466 2069 rigere,
484 2030 521 2060 iis
544 2030 589 2060 uti
616 2034 750 2069 poterat.
803 2029 953 2068 Duplicis
975 2040 1025 2068 ge-

357 2073 439 2102 neris
451 2073 550 2109 fuere,
562 2073 696 2102 maiores
712 2072 922 2111 minoresque.
950 2072 1025 2102 Vid.

358 2114 446 2154 Lips.
465 2115 601 2145 Poliorc.
618 2115 660 2145 iii.
678 2126 706 2153 4.
731 2115 836 2145 CREv.

400 2166 417 2196 5
436 2159 525 2194 Quae
537 2159 672 2196 propius
687 2157 858 2197 quaedam]
881 2156 934 2187 Sic
946 2156 1025 2187 Gro-

356 2198 470 2228 novius
499 2199 587 2229 dedit
618 2210 657 2229 ex
687 2199 787 2229 tribus
816 2208 883 2229 mss.
911 2198 1025 2237 quibus

356 2241 572 2271 assentiuntur
602 2242 666 2271 duo
695 2241 839 2271 Hcarnio
869 2240 1022 2279 inspecti:

357 2293 455 2322 quum
474 2282 593 2323 vulgati
609 2283 775 2317 haberent.
791 2294 872 2323 quae
890 2284 1026 2322 propius

357 2327 491 2365 quidem.
542 2326 703 2364 Displicet
733 2329 840 2355 tamen
867 2324 903 2355 τὸ
932 2336 1026 2365 quae-

358 2369 429 2397 dam
441 2381 450 2398 .·
476 2371 508 2398 et
524 2367 591 2407 ipse
608 2368 789 2398 Gronovius
804 2368 885 2397 illud
901 2372 1025 2397 mutan-

359 2411 436 2440 dum
466 2415 573 2440 censet
604 2410 636 2440 in
665 2412 798 2441 moenia.
850 2410 919 2439 Nos
946 2410 1026 2439 illud

359 2453 488 2482 omnino
504 2453 610 2483 delere
625 2453 723 2482 satius
739 2462 805 2482 esse
821 2452 977 2488 ducimus,
990 2462 1026 2482 οο

359 2495 486 2532 quidem
515 2495 625 2534 magis,
649 2496 735 2533 quod
758 2495 846 2524 abest
872 2505 891 2524 a
917 2494 1027 2524 codice

361 2537 483 2567 Victor.
508 2538 615 2568 CREv.

401 2578 420 2608 6
446 2581 620 2610 Interiores
645 2580 759 2609 ictibus
785 2581 1024 2617 tormentorum]

362 2620 540 2659 Propiores,
556 2631 652 2660 quam
668 2626 703 2651 ut
724 2621 839 2651 ictibus
855 2626 1025 2651 tormento-

360 2671 441 2698 rum,
457 2672 539 2701 quae
557 2663 589 2692 in
613 2663 821 2703 longinquum
844 2663 1026 2693 iaculaban-

360 2707 423 2740 tur,
446 2704 528 2733 feriri
556 2710 702 2743 possent3
725 2710 790 2735 tam
819 2706 1026 2744 propinquae,

360 2749 396 2774 ut
418 2745 483 2774 tela
505 2756 522 2775 e
545 2747 711 2776 tormentis
733 2748 847 2777 emissa
871 2749 954 2777 ultra
974 2758 1027 2777 eas

360 2787 523 2817 ferrentur.
570 2788 620 2817 Sic
637 2799 720 2826 supr.
738 2789 790 2818 vii.
813 2799 859 2819 10.
876 2789 914 2819 T.
933 2790 1025 2819 Man-

362 2829 422 2858 lius
437 2828 553 2858 dicitur
568 2830 701 2860 interior
720 2832 864 2868 periculo
884 2832 1026 2861 vulneris

1071 1692 1239 1721 machinae
1263 1703 1372 1731 genus,
1396 1703 1494 1731 quum
1519 1693 1599 1722 trabi
1623 1693 1655 1722 in
1678 1697 1738 1723 ter-

1072 1744 1138 1763 ram
1164 1735 1305 1773 praealte
1327 1735 1453 1764 defixae
1476 1734 1508 1764 in
1531 1745 1656 1765 summo
1672 1746 1738 1765 ver-

1070 1776 1132 1806 tice
1158 1776 1222 1806 alia
1248 1780 1424 1806 transversa
1451 1776 1573 1815 longior
1595 1777 1738 1807 dimensa

1070 1818 1243 1848 medietate
1266 1819 1465 1849 connectitur
1481 1829 1517 1848 eo
1537 1819 1739 1855 libramento,

1071 1865 1118 1897 ut,
1139 1861 1162 1890 si
1190 1870 1290 1890 unum
1318 1865 1414 1900 caput
1438 1861 1638 1900 depresseris,
1660 1862 1737 1892 alte-

1071 1913 1140 1932 rum
1160 1903 1305 1942 erigatur.
1352 1904 1453 1942 Igitur
1473 1903 1622 1933 machina
1645 1903 1740 1933 huius

1069 1945 1191 1984 generis
1205 1956 1300 1984 super
1314 1955 1441 1975 murum
1458 1945 1628 1983 eminente,
1638 1946 1739 1976 ferrea

1071 1997 1184 2017 manus
1209 1987 1319 2017 firmae
1345 1992 1476 2017 catenae
1502 1987 1636 2027 illigata,
1657 1998 1739 2026 quae

1071 2029 1199 2068 quidem
1223 2034 1337 2060 catena
1361 2030 1518 2069 pendebat
1535 2040 1574 2059 ex
1590 2040 1655 2059 uno
1670 2031 1738 2060 bra-

1071 2071 1142 2101 chio
1179 2072 1361 2107 tollenonis,
1390 2072 1592 2102 iniiciebatur
1628 2082 1739 2111 prorae

1069 2114 1205 2144 alicuius
1217 2114 1314 2145 navis.
1349 2115 1434 2145 Tum
1450 2114 1536 2153 gravi
1550 2114 1739 2145 libramento

1070 2156 1206 2195 plumbi,
1219 2158 1304 2195 quod
1319 2156 1410 2186 alteri
1423 2156 1594 2186 tollenonis
1609 2157 1738 2186 brachio

1070 2208 1249 2228 connexum
1276 2202 1354 2236 erat,
1375 2199 1558 2235 recellente,
1581 2208 1637 2228 5011
1662 2199 1738 2228 reci-

1070 2241 1166 2270 dente
1191 2241 1232 2270 ad
1263 2241 1379 2277 solum,
1407 2250 1535 2270 11000550
1562 2244 1628 2270 erat
1655 2244 1738 2271 cate-

1070 2293 1156 2319 nam,
1180 2286 1211 2313 et
1234 2283 1364 2313 ferream
1389 2293 1532 2319 manum,
1556 2287 1587 2312 et
1612 2292 1737 2321 proram

1071 2325 1160 2354 navis
1175 2335 1297 2355 sursum
1314 2325 1400 2363 erigi,
1413 2329 1455 2361 et,
1467 2335 1619 2364 suspensa
1635 2335 1738 2364 prora,

1070 2367 1175 2397 navim
1194 2367 1225 2397 in
1243 2367 1377 2407 puppim
1392 2367 1497 2397 statui.
1527 2367 1613 2397 Dein
1626 2368 1737 2397 eadem

1070 2410 1171 2440 ferrea
1187 2420 1300 2439 manus
1315 2410 1454 2446 remissa,
1465 2414 1497 2439 ct
1509 2413 1659 2448 exempta
1672 2420 1737 2439 ma-

1072 2452 1186 2482 chinae
1202 2450 1249 2481 διά
1266 2464 1347 2482 τινος
1364 2451 1570 2491 σχαστηρίας,
1585 2455 1620 2481 ut
1641 2451 1738 2481 habet

1072 2494 1227 2534 Polybius
1243 2494 1305 2525 viii.
1328 2495 1356 2524 8.
1380 2495 1502 2524 sinebat
1524 2503 1639 2524 navem
1662 2493 1738 2524 reci-

1072 2537 1158 2573 dere,
1168 2541 1199 2567 et
1215 2547 1283 2567 eam
1298 2537 1343 2566 ita
1355 2536 1515 2575 affligebat
1529 2536 1634 2573 undis,
1644 2539 1679 2566 ut
1692 2559 1700 2566 .
1711 2559 1718 2566 .
1730 2559 1737 2566 .

1072 2580 1177 2610 CREV.
1209 2580 1248 2609 cf.
1268 2579 1393 2609 Vitruv.
1409 2579 1450 2609 iv.
1468 2589 1517 2609 21.
1563 2579 1663 2608 Haud
1685 2579 1737 2608 ab·

1071 2621 1182 2651 similis
1197 2625 1263 2651 erat
1286 2621 1453 2655 machinis,
1469 2631 1547 2660 quas
1562 2620 1593 2650 in
1610 2620 1691 2660 agris
1706 2622 1737 2648 et

1072 2664 1155 2693 villis
1171 2663 1266 2694 hodie
1282 2663 1397 2702 passim
1415 2663 1570 2699 videmus,
1584 2663 1624 2692 ad
1639 2670 1736 2700 aquas

1071 2716 1088 2735 e
1112 2706 1217 2744 puteis
1238 2706 1398 2735 tollendas
1420 2705 1582 2742 adhibitis,
1604 2707 1635 2734 et
1655 2712 1736 2742 quae

1070 2749 1157 2786 apud
1185 2748 1326 2778 Graecos
1349 2746 1504 2794 κῃλωνὴϊα
1529 2745 1736 2785 appellaban-

1070 2794 1131 2819 tur.
1162 2790 1201 2820 cf.
1220 2790 1340 2819 Her.od
1365 2790 1384 2819 i.
1413 2798 1479 2828 193.
1513 2788 1596 2818 Plin.
1622 2786 1666 2816 Η.
1690 2785 1734 2816 N.

1071 2831 1135 2861 xix.
1152 2843 1181 2868 4.
