1877 3178
181 220 224 250 U.
241 220 278 249 C.
302 218 371 257 538.

180 263 219 292 A.
244 262 281 292 C.
304 271 374 299 ‘2¹4-

182 337 300 367 Fabius

182 379 347 410 Samnium

183 426 294 453 vastat.

185 737 339 774 Persugac

184 778 275 817 virgis
296 778 375 808 caesi

184 825 215 850 et
231 822 270 850 de
285 831 360 850 saxo

183 863 305 893 deiecti.

187 1474 237 1504 Ad
254 1474 281 1503 Τ
284 1484 370 1504 areu—

186 1520 253 1545 tum
272 1519 372 1545 castra

186 1558 275 1597 ponit.
290 1559 379 1588 Han—

188 1601 284 1630 nibal.

186 1703 233 1733 M.
252 1702 360 1732 Livius

187 1745 361 1774 Tarentum

187 1791 301 1817 tuetur.

189 2161 352 2191 Hannibal

188 2203 346 2242 Salapiam

186 2255 219 2274 se
236 2246 364 2276 confert.

386 122 463 160 196
889 114 1035 156 ΤΙΤΙ
1076 113 1251 155 LIVII

386 210 558 259 cladem,
573 217 696 264 atque
714 209 756 249 in
779 207 963 253 Bruttios
980 205 1140 261 raptim,
1159 220 1211 245 ne
1229 204 1442 246 Gracchus
1455 214 1751 261 assequeretur,

389 267 600 308 concessit.
655 264 869 312 Consules,
885 262 1108 303 Marcellus
1129 270 1249 311 retro,
1268 262 1378 303 unde
1401 273 1580 312 venerat,
1600 262 1753 303 Nolam

389 324 518 373 redit3
552 323 701 364 Fabius
731 323 774 362 in
805 320 1017 361 Samnium
1045 319 1097 360 ad
1122 319 1379 375 populandos
1406 335 1522 375 agros
1551 320 1754 375 recipien-

388 382 543 437 dasque
565 381 697 429 armis,
721 393 824 435 quae
846 376 1094 426 defecerant,
1118 377 1239 417 urbes
1266 377 1472 432 processit.
1537 376 1754 418 Caudinus

392 439 552 480 Samnis
572 438 733 493 gravius
755 436 1009 483 devastatus3
1041 434 1197 489 perusti
1213 433 1294 474 late
1316 434 1414 489 agri,
1436 434 1611 489 praedae
1628 449 1754 489 pecu-

388 497 488 536 dum
519 495 818 547 hominumque
845 500 969 532 actae.
1034 491 1199 547 Oppida
1227 491 1266 531 vi
1292 500 1423 547 capta,
1456 489 1752 546 Compulteria,

389 553 564 601 Telesia,
610 551 802 605 Compsa,
845 548 996 597 Melae,
1039 548 1225 588 Fulfulae
1267 558 1308 589 ct
1350 548 1626 589 Orbitanium.
1688 547 1754 587 Ex

389 610 568 650 Lucanis
600 607 810 648 Blandae:
855 605 1088 661 Apulorum
1114 606 1253 646 Aecae
1285 613 1556 661 oppugnatae.
1620 603 1786 646 Millia6

388 667 566 708 hostium
594 665 637 705 in
663 664 727 704 his
757 663 926 704 urbibus
955 663 1101 718 viginti
1131 663 1316 718 quinque
1345 671 1474 718 capta,
1497 670 1568 703 aut
1599 661 1753 702 occisa:

388 734 429 764 et
453 723 608 778 recepti
638 721 831 777 perfugae
864 720 1038 761 trecenti
1066 720 1352 775 septuaginta3
1386 734 1490 775 quos
1510 734 1640 774 quum
1669 718 1756 758 Ro-

390 796 498 820 mam
529 779 703 819 misisset
733 778 887 826 consul,
911 777 1032 832 virgis
1054 777 1097 816 in
1125 777 1291 817 comitio
1320 778 1426 817 caesi
1452 791 1606 825 omnes,
1630 791 1676 816 ac
1703 775 1755 815 de
1771 794 1787 824 7

390 852 487 878 saxo
523 837 683 877 deiecti.
747 835 864 875 Haec
897 850 920 875 a
958 834 1009 882 Q.
1035 834 1161 875 Fabio
1196 835 1303 875 intra
1332 849 1483 889 paucos
1513 834 1600 874 dies
1629 840 1754 887 gesta.

392 894 638 935 Marcellum
679 893 729 933 ab
775 892 971 948 gerundis
1010 892 1132 932 rebus
1171 891 1362 932 valetudo
1403 891 1574 931 adversa
1622 889 1755 930 Nolae

391 952 535 993 tenuit.
599 950 653 991 Et
679 965 702 991 a
725 957 911 1005 praetore
942 948 993 996 Q.
1019 948 1158 998 Fabio,
1188 949 1253 989 cui
1279 948 1386 988 circa
1413 948 1631 988 Luceriam
1662 962 1757 1003 pro-

390 1009 524 1049 vincia
545 1017 643 1056 erat,
669 1007 812 1048 Accua
832 1006 1030 1061 oppidum
1056 1021 1130 1060 per
1157 1021 1226 1046 cos
1247 1005 1333 1045 dies
1354 1006 1393 1046 vi
1422 1014 1610 1060 captum:
1644 1004 1757 1044 stati-

390 1081 521 1120 vaque
543 1065 595 1106 ad
618 1065 834 1105 Ardoneas
855 1063 1116 1103 communita.

448 1123 564 1163 Dum
579 1122 681 1162 haec
698 1121 787 1161 aliis
799 1120 898 1161 locis
915 1121 964 1160 ab
984 1120 1183 1160 Romanis
1196 1128 1407 1174 geruntur,
1423 1120 1502 1160 iam
1525 1119 1758 1159 Tarentum

390 1187 634 1236 pervenerat
676 1178 900 1225 Hannibal,
937 1192 1031 1217 cum
1065 1176 1244 1216 maxima
1276 1177 1474 1225 omnium,
1509 1191 1756 1231 quacunque

391 1238 505 1286 ierat,
527 1236 654 1277 clade.
718 1234 767 1275 In
794 1234 1022 1274 Tarentino
1043 1234 1211 1274 demum
1237 1248 1333 1288 agro
1353 1240 1543 1288 pacatum
1566 1233 1757 1273 incedere

391 1309 538 1350 agmen
570 1293 717 1348 coepit.
782 1291 901 1331 Nihil
923 1291 979 1331 ibi
1006 1290 1216 1339 violatum,
1239 1305 1374 1345 neque
1401 1305 1575 1345 usquam
1594 1290 1661 1330 via
1687 1304 1760 1330 ex-

391 1366 549 1392 cessum
585 1359 666 1391 est:
706 1349 1022 1405 apparebatque,
1055 1363 1139 1388 non
1174 1347 1216 1387 id
1249 1347 1450 1388 modestia
1479 1346 1656 1387 militurn
1689 1354 1760 1387 aut

392 1408 520 1457 ducis,
561 1408 639 1447 nisi
680 1407 730 1447 ad
770 1405 1049 1446 conciliandos
1090 1405 1409 1445 Tarentinorum
1450 1404 1620 1452 animos,
1656 1404 1756 1444 fieri.
1772 1415 1790 1443 8

395 1464 592 1505 Ceterum
616 1479 744 1519 quum
765 1462 1018 1518 propcrnodo
1040 1462 1166 1502 muris
1187 1462 1431 1511 accessisset,
1454 1461 1568 1501 nullo
1589 1461 1641 1501 ad
1662 1475 1758 1501 con·
1771 1479 1790 1509 9

391 1530 575 1577 spectum
607 1521 727 1576 primi
756 1520 942 1575 agminis,
975 1528 1020 1559 ut
1049 1520 1224 1568 rebatur,
1257 1528 1371 1560 motu
1401 1519 1521 1567 facto,
1550 1527 1680 1559 castra
1709 1518 1759 1558 ab

392 1580 491 1619 urbe
513 1579 639 1619 ferme
661 1592 800 1633 passus
823 1576 932 1616 mille
954 1576 1071 1616 locat.
1136 1576 1321 1625 Tarenti,
1346 1576 1482 1616 triduo
1504 1584 1611 1624 ante,
1634 1589 1759 1630 quam

393 1635 605 1676 Hannibal
631 1635 683 1675 ad
710 1634 874 1674 moenia
903 1633 1128 1681 accederet,
1158 1648 1181 1672 a
1208 1632 1268 1673 M.
1289 1633 1456 1674 Valerio
1483 1642 1758 1688 propraetore,

392 1693 463 1748 qui
494 1692 610 1733 classi
635 1691 687 1732 ad
718 1690 985 1731 Brundisitnn
1010 1699 1209 1745 praeerat,
1236 1690 1380 1730 missus
1412 1690 1472 1730 Μ.
1492 1690 1648 1739 Livius,
1677 1689 1760 1745 pri—
1776 1712 1787 1732 1

392 1765 503 1791 more
532 1750 745 1789 iuventute
775 1747 1017 1802 conscripta,
1047 1746 1336 1802 dispositisque
1365 1747 1417 1787 ad
1442 1762 1583 1787 omnes
1608 1756 1757 1802 portas,

392 1808 580 1862 circaque
603 1820 751 1854 muros,
770 1820 850 1859 qua
872 1819 935 1844 res
955 1803 1198 1859 postulabat,
1213 1803 1468 1851 stationibus,
1492 1804 1558 1844 die
1577 1819 1623 1844 ac
1637 1812 1758 1844 nocte

393 1864 615 1919 plurimum
638 1863 832 1910 intentus,
852 1876 986 1915 neque
1007 1861 1204 1909 hostibus,
1228 1875 1363 1915 neque
1385 1860 1520 1900 dubiis
1541 1860 1659 1901 sociis
1680 1860 1759 1901 loci

393 1922 615 1976 quicquam
640 1919 828 1975 praebuit
856 1918 908 1958 ad
937 1917 1193 1958 tentandum.
1259 1917 1398 1965 Quare
1427 1917 1572 1958 diebus
1602 1917 1759 1972 aliquot

392 1978 539 2018 frustra
559 1978 615 2017 ibi
637 1976 876 2030 absumptis,
900 1974 1124 2023 Hannibal,
1147 1990 1276 2029 quum
1298 1989 1439 2015 eorum
1460 1989 1595 2023 nemo,
1614 1975 1686 2030 qui
1707 1974 1760 2015 ad.

394 2035 527 2076 lacum
552 2034 707 2075 Averni
733 2033 923 2080 adissent,
946 2040 1016 2072 aut
1036 2031 1113 2086 ipsi
1134 2031 1333 2080 venirent,
1356 2040 1427 2072 aut
1454 2031 1648 2071 nuntium
1667 2031 1759 2072 lite-

394 2107 505 2132 rasve
528 2092 751 2139 mitterent,
774 2105 877 2130 vana
904 2089 1100 2144 promissa
1121 2104 1162 2129 se
1185 2097 1337 2129 temere
1364 2097 1550 2129 secutum
1572 2103 1758 2137 cernens,

394 2158 524 2190 castra
545 2148 641 2189 inde
669 2148 805 2188 movit.
869 2147 978 2186 Tum
1009 2160 1187 2200 quoque,
1211 2146 1364 2185 intacto
1391 2161 1488 2200 agro
1516 2145 1756 2193 Tarentino,

395 2221 630 2261 quanquam
661 2204 849 2244 simulata
876 2203 1021 2243 lenitas
1052 2202 1257 2241 nihildum
1278 2202 1498 2257 profuerat,
1521 2211 1659 2242 tamen
1686 2216 1757 2257 spe

394 2262 699 2303 labefactandae
721 2261 819 2301 fidei
847 2260 958 2300 haud
983 2259 1192 2307 absistens,
1225 2258 1428 2314 Salapiam
1454 2268 1499 2299 ut
1526 2259 1652 2307 venit,
1674 2257 1757 2298 fru-

393 2328 578 2359 mentum
621 2334 670 2357 ex
713 2318 817 2372 agris
859 2316 1150 2370 Metapontino
1187 2324 1310 2370 atquc
1353 2315 1620 2356 Heracleensi
1656 2315 1755 2371 (iam

433 2470 452 2500 6
475 2472 579 2500 Assae
594 2468 811 2507 oppufflzatae]
838 2469 1052 2505 anmffizatm·
1102 2476 1146 2502 14.
1172 2466 1264 2496 Caes,
1282 2466 1321 2495 de
1339 2466 1376 2495 B.
1395 2466 1480 2496 Gall.
1499 2476 1526 2494 v.
1547 2475 1592 2504 13.

393 2523 430 2542 ex
448 2512 571 2542 emend.
590 2512 727 2541 Gronov.
744 2509 862 2548 recepit
880 2508 1016 2538 Bekker.
1139 2518 1158 2547 9
1175 2509 1284 2538 Muris
1298 2508 1488 2545 accessisset]
1503 2508 1704 2538 Suet-essisset
1719 2517 1757 2536 ex

443 2562 458 2592 7
488 2556 537 2584 De
565 2564 641 2583 samo
670 2553 794 2588 (Irim-ii]
839 2561 880 2580 sc.
905 2550 1051 2589 Tarpeio.
1097 2551 1221 2580 emend.
1239 2550 1378 2580 Gronov.
1396 2549 1535 2588 reposuit
1552 2549 1691 2580 Bekker.

395 2597 458 2625 Illa
488 2606 558 2634 pars
582 2594 755 2634 Capitolini
782 2593 907 2628 montis,
930 2593 969 2622 ‹le
992 2602 1053 2630 qua
1144 2602 1153 2621 1
1181 2593 1230 2622 Μ.
1247 2593 1374 2629 Livius]
1406 2592 1480 2621 Hoc
1505 2601 1621 2621 nomeu
1647 2601 1686 2620 ex
1711 2590 1756 2621 Si-

395 2637 534 2667 damnati
551 2637 789 2670 deiiciebantur,
801 2635 986 2674 simpliciter
1003 2644 1053 2663 vo-
1096 2633 1180 2672 gonii
1197 2635 1377 2664 coniectura
1391 2633 1515 2664 addidit
1531 2633 1670 2663 Gronov.
1714 2632 1757 2662 Et

395 2680 524 2708 cabatur
538 2690 659 2709 samum.
684 2679 821 2708 S'rssoru.
1098 2676 1225 2714 quidem
1245 2676 1288 2706 sic
1304 2679 1434 2706 vocatur
1449 2675 1500 2705 hic
1516 2674 1646 2705 Tarenti
1668 2684 1756 2712 prae-

437 2721 455 2748 8
471 2722 543 2750 Nisi
559 2722 600 2749 ml
614 2721 838 2757 com-iliandos]
858 2718 1051 2748 Particulam
1098 2720 1209 2755 fectus,
1225 2718 1293 2749 infr.
1311 2717 1394 2747 xxvi.
1410 2727 1458 2757 39.
1474 2716 1568 2746 xxvii.
1586 2724 1634 2754 25.
1659 2716 1755 2755 Poly-

397 2763 457 2790 υἱεῖ
483 2771 537 2799 pro
560 2764 614 2791 secl
638 2763 721 2800 apud
752 2762 915 2797 Plautum,
936 2761 1052 2790 Teren·
1097 2760 1167 2789 bins
1182 2759 1243 2790 viii.
1261 2769 1308 2798 27.
1328 2760 1359 2789 in
1384 2758 1588 2798 praenomine
1603 2757 1756 2794 dissentit,

397 2804 488 2837 tium,
514 2806 543 2831 et
571 2803 756 2832 Ciceronem
778 2806 959 2840 usurpatam
987 2812 1053 2831 esse
1097 2811 1233 2839 eumque
1249 2802 1390 2840 appellat
1408 2801 1587 2830 ammam.
1609 2799 1711 2831 ΟΜΝ.

397 2850 504 2873 mouet
535 2844 671 2873 Gronov.
710 2845 747 2874 cf.
771 2845 837 2874 Cic.
865 2844 904 2872 ad
935 2845 1000 2873 Att.
1026 2854 1051 2873 κ’.
