1809 3178
485 109 606 150 Llss.
641 107 787 148 xxii.
836 106 978 146 (JAI'.
1013 111 1077 147 29.
1414 113 1466 148 89

98 207 139 239 et
159 198 360 238 sollertiae
394 198 506 239 Fabii
538 197 758 238 dimidium
789 196 936 236 virium
967 196 1198 237 decessisse.
1262 197 1466 238 Tumulus
1486 210 1523 241 ιτ.
1542 212 1577 240 ι’.
1602 219 1672 248 535·

97 264 184 296 erat
209 255 316 295 iuter
345 265 475 295 castra
507 254 683 295 Minucii
709 253 1039 308 Poenorumque.
1104 252 1210 292 Eum
1243 254 1312 308 qui
1346 271 1467 295 occu·
1482 255 1517 284 A.
1543 255 1579 284 C·
1603 262 1672 291 2¹7-

113 321 242 360 nisset,
276 312 385 352 haud
417 312 540 352 dubie
573 311 819 375 iniquiorem
851 320 938 351 erat
969 310 1072 350 hosti
1107 309 1242 350 locum
1273 311 1464 352 facturus.

96 327 207 410 inum
239 384 322 409 non
354 379 435 410 tam
477 383 621 424 capere
661 368 748 408 sine
780 367 1004 408 celtamine
1035 367 1198 407 volebat
1241 367 1465 417 Hannil›a‚l

95 425 352 481 (quanquam
376 426 417 466 id
440 441 585 481 operae
614 425 791 481 pretium
821 424 927 478 erat)
947 439 1071 479 quam
1094 440 1257 465 causam
1279 426 1468 465 certami-

96 483 159 523 nis
176 498 269 523 cum
294 507 306 523 .l
295 483 495 531 Minucio,
514 497 638 538 quem
655 497 817 537 semper
832 496 1097 522 occursurum
1116 482 1168 522 ad
1185 482 1466 522 obsistendum

95 540 192 580 satis
219 540 385 588 sciebat,
409 539 661 581 contrahere.
724 539 841 593 Ager
868 539 1002 580 omnis
1031 539 1192 579 medius
1223 547 1309 579 crat
1336 540 1469 594 prima

96 597 230 652 specie
273 597 430 638 inutilis
467 596 707 645 insidiatori,
740 597 838 651 quia
867 611 949 636 non
983 596 1107 636 modo
1138 596 1320 636 silvestre
1352 597 1469 651 quic-

96 670 234 709 quam,
256 655 328 695 sed
359 670 410 695 ne
441 654 632 709 vepribus
663 654 832 709 quidem
863 653 1059 693 vestitum⁴
1083 653 1282 694 habebat:
1317 654 1468 709 reipsa

96 721 215 752 natus
244 711 430 766 tegendis
458 711 630 759 insidiis,
653 726 703 751 eo
733 711 861 765 magis
886 711 999 765 quod
1024 711 1067 750 in
1097 710 1210 751 nuda
1231 710 1333 751 valle
1356 711 1469 752 nulla

97 768 187 809 talis
217 769 261 809 fi
253 785 325 809 aus
364 769 499 809 timeri
530 777 714 823 poterat.
767 777 809 808 et
839 777 956 808 erant
986 783 1028 807 in
1060 768 1310 809 anfractibus
1345 784 1466 809 cavae

95 840 230 881 rupes,
255 834 299 867 ut
319 825 521 881 quaedam
543 841 682 866 earum
712 825 896 866 ducenos
923 834 1100 866 armatos
1120 834 1287 880 possent
1308 840 1465 881 capere

96 881 147 923 In
174 883 245 923 Ιιιι5
275 882 462 931 latebras,
485 891 586 938 quot
617 898 826 938 quemque
858 882 993 923 locum
1025 891 1119 938 apte
1151 882 1329 923 insidere
1351 889 1632 938 pote-Insidiae.

95 948 199 988 iant,
246 941 432 996 quinque
479 940 608 980 millia
657 940 895 980 conduntur
939 939 1129 995 peditum
1181 940 1466 995 equitumque.

96 995 261 1038 Necubi
284 1006 422 1038 tamen
443 1007 515 1038 aut
536 1005 671 1038 motus
691 996 863 1037 alicuius
885 1005 1039 1038 temere
1061 997 1225 1052 egressi,
1244 1007 1315 1038 aut
1336 997 1470 1053 fulgor

94 1069 299 1095 armorum
328 1054 514 1095 fraudem
545 1055 588 1094 in
619 1054 722 1094 valle
765 1063 847 1094 tam
879 1063 1020 1110 aperta
1049 1054 1284 1109 detegeret·
1337 1055 1469 1095 missis

94 1111 235 1166 paucis
255 1112 388 1167 prima
412 1111 502 1152 luce
534 1111 586 1152 ad
616 1111 879 1167 capiendum,
902 1126 1027 1166 quem
1058 1088 1172 1151 anteo
1185 1111 1379 1160 diximus,
1403 1122 1469 1152 tu-

94 1168 266 1218 mulum,
298 1169 445 1210 avertit
474 1169 613 1210 oculos
644 1168 834 1209 hostium.
904 1168 1045 1208 Primo
1076 1168 1213 1208 statim
1244 1178 1468 1224 conspectu

93 1234 332 1281 contempta
360 1226 567 1281 paucitas:
612 1241 658 1266 ac
689 1225 764 1265 sibi
796 1226 971 1280 quisque
1003 1225 1224 1280 deposcere
1255 1225 1468 1280 pellendos

62 1282 191 1322 4inde
213 1283 362 1323 hostes.
426 1282 496 1322 Ad
518 1282 654 1322 locum
676 1282 923 1337 capiendum
947 1282 1033 1322 dux
1055 1283 1140 1338 ipse
1163 1283 1271 1322 inter
1291 1283 1468 1323 stolidis-

95 1339 218 1380 simos
248 1339 602 1394 ferocissimosque
634 1339 687 1380 ad
718 1354 829 1379 arma
858 1349 1000 1387 vocat3
1033 1348 1073 1379 et
1104 1340 1218 1379 vanis
1249 1340 1396 1380 animis
1426 1349 1468 1380 et

63 1407 80 1437 5
96 1396 217 1437 minis
238 1397 424 1452 increpat
445 1396 616 1437 hostem.
673 1396 884 1451 Principio
905 1396 1037 1436 levem
1059 1406 1305 1436 armaturam
1328 1397 1468 1437 dimit-

94 1453 155 1502 tit,
178 1453 329 1494 deinde
347 1453 531 1494 conferto
553 1453 715 1507 agmine
734 1453 860 1493 mittit
876 1453 1060 1507 equites:
1093 1462 1313 1508 postremo,
1337 1468 1466 1508 quum

92 1510 279 1551 hostibus
300 1526 467 1566 quoque
484 1510 666 1551 subsidia
686 1510 794 1550 mitti
816 1509 987 1559 videret,
1006 1510 1215 1550 instructis
1236 1510 1467 1565 legionibus

62 1568 291 1623 6procedit.
354 1568 410 1608 Et
441 1567 664 1616 Hannibal,
687 1567 967 1607 lzzibormtibus
998 1567 1081 1607 suis
1111 1567 1191 1607 alia
1219 1576 1343 1631 atque
1374 1567 1464 1617 alia,
1483 1580 1653 1619 I‘ugnain-

94 1634 302 1665 crescente
331 1624 567 1673 (Ἵοιιιηιιιιο,
590 1625 758 1665 mittens
787 1624 941 1664 auxilia
967 1624 1156 1688 peditum
1178 1625 1464 1680 equitumque,
1479 1626 1526 1652 tw
1544 1624 1667 1653 iimm-

93 1681 174 1722 iam
196 1682 343 1723 iustam
365 1682 601 1737 expleverat
622 1682 765 1730 aciem,
789 1697 835 1722 ac
857 1681 953 1722 totis
975 1682 1182 1737 utrimque
1204 1681 1358 1722 viribus
1379 1698 1466 1723 cer·
1480 1666 1659 1739 Rfffflffutm

94 1739 265 1780 tabatur.
299 1739 439 1779 Prima
454 1739 552 1780 levis
574 1747 779 1780 aimatura
794 1739 1096 1787 Romanmum,
1119 1754 1180 1794 pie
1169 1748 1466 1796 aeoccupatum
1667 1733 1674 1739 ⁸

93 1796 283 1837 inferiore
312 1796 402 1837 loco
430 1796 655 1837 succedens
683 1795 902 1845 tumulum,
924 1796 1041 1851 pulsa
1069 1796 1316 1851 detiusaque
1341 1808 1467 1837 terro-

93 1868 179 1894 rem
201 1853 245 1894 in
265 1853 556 1894 succedentem
586 1853 726 1894 intulit
754 1853 950 1909 equitem,
973 1863 1015 1894 et
1041 1853 1094 1894 ad
1119 1869 1236 1909 Signa
1256 1854 1466 1909 legionum

92 1910 257 1966 refugit.
317 1910 512 1951 Peditum
534 1911 641 1951 acies
668 1911 777 1951 inter
803 1910 1012 1966 perculsos
1033 1911 1242 1966 impavida
1261 1911 1347 1952 sola
1367 1920 1466 1961 erat,

94 1967 407 2023 videbaturque,
429 1968 462 2008 si
492 1968 600 2008 iusta
629 1977 700 2009 aut
730 1968 763 2008 si
793 1976 906 2008 recta
934 1983 1075 2023 pugna
1105 1978 1223 2017 esset,
1252 1968 1469 2024 haudqua-

94 2040 218 2080 quam
249 2025 382 2080 impar
410 2025 559 2066 futula.
621 2025 804 2066 Tantum
836 2025 1066 2065 animorum
1098 2025 1250 2066 iecerat
1274 2040 1466 2081 prospere

94 2091 190 2122 ante
209 2097 363 2138 paucos
384 2082 472 2123 dies
492 2098 556 2123 res
576 2092 701 2138 gesta.
757 2082 839 2123 Sed
861 2082 995 2123 exorti
1017 2091 1187 2137 repente
1209 2082 1466 2123 insidiatores
1482 2092 1617 2121 Laborat

94 2154 190 2179 eum
212 2139 435 2180 tumultum
453 2149 746 2195 tenoremque,
765 2139 808 2179 in
825 2139 952 2179 latera
968 2139 1176 2194 utrimque
1194 2140 1244 2180 ab
1266 2148 1466 2195 tergoque
1480 2134 1655 2165 Minucius.

93 2196 360 2245 incursantes,
383 2197 582 2245 fecerunt,
605 2205 651 2237 ut
675 2212 812 2252 neque
841 2196 1002 2237 animus
1030 2196 1083 2237 ad
1110 2212 1306 2252 pugnam,
1329 2212 1465 2252 neque

94 2253 146 2293 ad
175 2253 314 2309 fugam
344 2269 436 2309 spes
466 2254 660 2309 cuiquam
691 2262 932 2309 superesset.
995 2253 1117 2294 Tunc
1140 2253 1302 2302 Fabius,
1331 2254 1466 2309 primo
1543 2268 1608 2305 29,

94 2309 269 2351 clam01e
299 2311 537 2366 paventium
569 2311 723 2360 audito,
755 2310 854 2351 dein
883 2320 1104 2366 conspecta
1133 2310 1276 2366 procul
1307 2312 1468 2351 turbata

94 2366 194 2415 acie,
227 2366 316 2408 ‘Ita
344 2368 431 2416 est,'
460 2368 609 2422 inquit,
644 2374 753 2408 ‘non
783 2367 968 2415 celerius,
998 2383 1124 2423 quam
1155 2368 1287 2416 timui,
1320 2367 1467 2431 depre-

96 2423 267 2464 ‘hendit
306 2423 469 2464 fortuna
508 2425 793 2465 temeritatem.
875 2424 1002 2465 Fabio
1053 2434 1254 2479 aequatus
1293 2424 1467 2478 imperio

66 1983 81 2014 xl>

95 2550 215 2580 sionem
231 2553 298 2580 arte
310 2560 366 2580 sua
379 2554 579 2589 captaturum
596 2549 754 2580 temerita-
800 2560 868 2579 cem
899 2551 1029 2579 dimittit
1053 2560 1092 2579 ex
1120 2549 1301 2580 coniectura
1326 2550 1466 2582 Gronov.

94 2593 134 2623 tis
149 2592 284 2623 Minucii
304 2592 337 2622 in
357 2602 449 2622 usum
466 2602 557 2622 suum
574 2596 755 2622 converten—
800 2591 917 2621 delevit
934 2592 1072 2623 Bekker.

95 2636 164 2666 dae.
842 2634 860 2663 (ι
883 2635 961 2663 Alia
977 2638 1071 2673 atque
1092 2636 1174 2672 alia]
1205 2634 1354 2673 Intellige
1376 2645 1466 2674 quar-

137 2690 156 2716 4
178 2679 234 2717 Ad
247 2678 345 2708 locum
361 2677 567 2716 capiendum]
592 2677 641 2706 Ac
658 2676 756 2706 locum
801 2680 869 2705 tum
886 2686 992 2705 casum
1009 2676 1049 2706 ad
1065 2678 1189 2706 maz‘z'lz'a
1207 2677 1415 2707 referendum.

94 2721 294 2759 capiendum,
311 2729 381 2749 cum
399 2718 600 2749 distinctione
615 2722 690 2748 ante
706 2727 756 2747 vo-
846 2726 861 2756 7
877 2719 911 2747 Si
923 2719 1006 2748 insta
1016 2723 1072 2748 aut
1081 2720 1108 2748 si
1119 2721 1218 2757 recta]
1231 2720 1468 2758 Iusta,quando

95 2772 164 2792 cem
184 2763 251 2792 dum
274 2761 414 2800 reposuit
436 2761 574 2791 Bekker.
605 2761 756 2791 Ceterum
802 2760 969 2799 explicatis
1003 2760 1162 2799 utrimque
1192 2761 1352 2792 ordinibus
1382 2762 1468 2792 acies

94 2806 135 2834 ad
150 2809 181 2834 et
196 2815 232 2835 ac
247 2804 373 2843 saepius
387 2807 632 2833 commutantur.
803 2803 1078 2841 congrederentur,
1098 2808 1195 2840 recta,
1214 2805 1341 2843 quando
1363 2814 1467 2843 aequo

138 2855 154 2885 5
179 2847 290 2877 Levem
309 2851 506 2877 arrnczturam
521 2846 666 2883 dimittit]
696 2845 757 2874 Vo-
804 2855 928 2884 campo,
945 2845 988 2875 ita
1005 2849 1039 2875 ut
1056 2845 1180 2876 ordines
1195 2851 1401 2877 servarentur.
