1877 3178
358 88 437 126 222
869 87 1015 129 TITI
1057 87 1232 130 LIVII

151 185 194 216 U.
211 186 248 230 C.
272 185 343 225 538.
356 175 483 217 factos
508 176 558 217 ab
586 177 796 218 curulibus
820 178 1034 227 aedilibus,
1060 179 1282 220 memoriae
1307 178 1507 234 proditur.
1570 179 1733 221 Aedilis

150 229 188 258 A.
211 230 248 259 U·
272 238 343 267 214·
358 233 593 274 Tuditanus
623 235 691 275 hic
722 243 820 283 erat,
851 236 923 290 qui
953 235 1006 275 ad
1030 235 1211 285 Cannas,
1242 251 1392 291 pavore
1424 237 1512 277 aliis
1542 237 1586 277 in
1619 246 1733 278 tanta

357 289 472 331 clade
495 292 765 346 torpentibus,
788 307 862 347 per
882 292 1038 332 medios
1060 292 1198 333 hostes
1219 293 1357 333 evasit.

150 350 248 382 ΠΟ·
273 360 344 392 539·
417 347 609 388 Comitiis
639 349 842 404 perfectis,
874 357 1040 389 auctore
1081 349 1132 397 Q.
1158 349 1285 390 Fabio
1315 349 1495 399 consule,
1527 351 1731 407 designati

149 394 188 469 a·
212 394 545 465 {gjklfigffleonsules
568 405 745 446 Romam
767 406 948 446 arcessiti
974 406 1257 461 magistratum
1285 407 1491 448 inierunt:
1524 417 1733 448 senatum-

149 459 200 507 Τί,
219 454 323 507 siem-⁹
357 477 438 516 que
460 461 511 503 de
541 462 662 511 bello,
685 478 731 503 ac
753 463 974 518 provinciis
1002 463 1085 503 suis
1113 472 1447 518 praetorumque,
1470 472 1512 505 et
1538 464 1590 505 de
1615 480 1733 505 exer-

149 520 260 558 pronio
278 521 326 551 II.
356 518 517 568 citibus,
552 520 702 574 quibus
738 520 893 575 quique
934 529 1181 575 praeessent,
1216 521 1522 562 consuluerunt.
1585 520 1763 576 Itaque3

148 562 332 634 gigisincia-
356 576 590 631 provinciae
612 585 736 632 atque
763 577 967 617 exercitus
989 577 1119 618 divisi.
1183 577 1347 618 Bellum
1369 593 1464 618 eum
1495 578 1731 619 Hannibale

148 656 217 676 rum
234 646 312 676 divi·
357 633 593 673 consulibus
615 634 868 682 mandatum,
884 642 926 674 et
947 634 1205 674 exercituum
1223 650 1342 683 unuS,
1358 650 1483 690 quem
1505 635 1592 690 ipse
1616 634 1733 676 Sem-

148 688 203 718 sio.
357 690 526 744 pronius
553 690 774 737 habuerat3
807 691 922 739 alter,
951 706 1077 745 quem
1104 691 1252 732 Fabius
1279 692 1435 732 consul.
1499 692 1585 733 Eae
1611 693 1765 733 binae4

211 734 277 770 44·
357 755 475 787 erant
502 747 696 803 legiones.
760 747 820 788 M.
841 747 1047 788 Aemilius
1072 758 1247 803 praetor,
1270 750 1386 789 cuius
1407 750 1625 805 peregrina
1648 764 1733 789 sors
1747 758 1764 788 5

356 812 454 852 erat,
473 804 756 845 iurisdictione
780 804 841 845 M.
862 805 993 845 Atilio
1015 805 1208 860 collegae,
1226 807 1407 861 praetori
1429 807 1599 855 urbano,
1618 821 1734 847 man-

356 860 463 909 data,
488 861 707 901 Luceriam
729 862 983 917 provinciam
1012 862 1193 911 haberet,
1215 862 1482 918 legionesque
1504 863 1618 912 duas,
1641 863 1765 918 qui—6

355 917 431 957 bus
457 917 508 965 Q.
529 918 690 967 Fabius,
709 919 782 973 qui
804 927 892 959 tum
914 918 1057 959 consul
1079 929 1177 967 erat,
1196 928 1359 974 praetor
1379 921 1621 975 praefuerat.
1683 920 1730 960 P.

360 973 605 1029 Sempronio
629 976 842 1029 provincia
864 976 1116 1024 Ariminum,
1141 975 1220 1016 Cn.
1241 977 1386 1017 Fulvio
1411 977 1614 1026 Suessula,
1637 992 1733 1018 cum

355 1031 462 1070 binis
483 1031 584 1071 item
616 1031 859 1086 legionibus,
883 1042 1134 1073 evenerunt:
1169 1042 1215 1073 ut
1237 1033 1404 1074 Fulvius
1435 1035 1610 1075 urbanas
1630 1034 1733 1089 legi-

355 1102 455 1127 ones
480 1087 664 1136 duceret,
688 1088 924 1128 Tuditanus
951 1104 975 1129 a
1001 1088 1073 1129 Μ’.
1093 1089 1326 1144 Pomponio
1354 1091 1568 1146 acciperet.
1630 1091 1733 1131 Pro-

355 1153 497 1197 rogata
517 1145 689 1199 imperia
709 1145 1040 1200 provinciaeque,
1060 1145 1120 1185 M.
1141 1146 1319 1187 Claudio
1339 1147 1478 1187 Sicilia
1498 1147 1649 1188 finibus
1670 1149 1731 1197 iis,

356 1196 506 1255 quibus
531 1216 704 1255 regnum
729 1200 926 1241 Hieronis
946 1202 1112 1242 fuisset:
1147 1202 1329 1243 Lentulo
1356 1205 1611 1259 propraetori
1639 1220 1734 1259 pro-

356 1258 492 1298 vincia
524 1267 663 1298 vetus:
708 1258 757 1299 T.
784 1258 963 1299 Otacilio
996 1259 1144 1299 elassis.
1209 1259 1427 1301 Exercitus
1458 1261 1561 1301 nulli
1601 1261 1733 1302 additi

356 1315 464 1355 novi.
527 1315 588 1355 M.
609 1315 776 1356 Valerio
805 1315 982 1356 Graecia
1013 1316 1346 1372 Macedoniaque
1378 1333 1472 1358 cum
1500 1318 1663 1373 legione
1692 1328 1734 1359 et

356 1371 495 1420 classe,
518 1387 643 1426 quam
664 1372 858 1413 haberet:
895 1373 946 1420 Q.
968 1372 1115 1414 Mucio
1136 1388 1230 1413 cum
1244 1384 1382 1415 vetere
1404 1376 1587 1416 exercitu
1606 1375 1732 1431 (duae

358 1437 497 1468 autem
519 1429 702 1483 legiones
724 1430 860 1480 erant)
885 1429 1096 1471 Sardinia:
1134 1430 1183 1471 C.
1205 1431 1403 1472 Terentio
1424 1432 1532 1487 legio
1554 1448 1648 1481 una,
1666 1432 1733 1473 cui

358 1485 438 1525 iam
460 1482 658 1540 praeerat,
681 1497 722 1527 et
744 1487 958 1527 Picenum.
1024 1487 1155 1528 Scribi
1183 1499 1396 1543 praeterea
1423 1489 1529 1530 duae
1551 1489 1733 1544 legiones

358 1543 536 1582 urbanae
569 1543 712 1591 iussae,
745 1552 787 1584 et
816 1544 961 1598 viginti
994 1544 1121 1584 millia
1152 1546 1367 1586 sociorum.
1432 1546 1510 1586 His
1545 1542 1732 1595 ducibus,

357 1598 421 1639 his
442 1599 582 1654 copiis,
598 1600 790 1640 adversus
807 1600 936 1641 multa
956 1601 1090 1649 simul,
1110 1610 1180 1641 aut
1196 1612 1306 1643 mota
1325 1611 1397 1643 aut
1410 1612 1612 1658 suspecta,
1626 1604 1734 1644 bella

359 1657 600 1697 munierunt
624 1656 860 1697 Romanum
883 1657 1114 1712 imperium,

152 1720 307 1759 Prodigia.
419 1712 634 1762 Consules,
657 1713 816 1754 duabus
838 1714 1004 1754 urbanis
1024 1714 1256 1769 legionibus
1277 1717 1450 1771 seriptis,
1469 1717 1734 1772 supplemen-

359 1779 484 1825 toque
507 1770 550 1810 in
572 1770 668 1811 alias
697 1771 815 1819 lecto,
838 1771 1076 1826 priusquam
1098 1772 1149 1812 ab
1171 1772 1271 1812 urbe
1297 1783 1523 1822 moverent,
1545 1774 1733 1830 prodigia

359 1836 642 1882 procurarunt,
658 1843 763 1882 quae
786 1828 975 1868 nuntiata
995 1837 1123 1868 erant.
1186 1828 1335 1870 Murus
1352 1845 1398 1870 ac
1415 1840 1556 1885 portae
1580 1839 1729 1871 tactae:

358 1892 401 1924 et
422 1884 587 1924 Ariciae
609 1885 732 1925 etiam
755 1884 863 1925 Iovis
885 1885 1007 1925 aedes
1028 1885 1079 1925 de
1102 1885 1218 1925 coelo
1245 1895 1352 1927 tacta
1371 1887 1515 1928 fuerat.
1579 1888 1634 1928 Et
1655 1888 1734 1928 alia

359 1940 536 1982 ludibria
563 1941 776 1982 oculorum
805 1942 1049 1997 auriumque
1081 1942 1238 1982 eredita
1267 1958 1341 1998 pro
1370 1944 1486 1985 veris.
1550 1944 1733 1985 Navium

359 1997 574 2052 longarum
597 1999 753 2054 speeies
775 1999 817 2038 in
839 1999 1009 2039 flumine
1032 1999 1293 2049 Tarracinae,
1317 2016 1422 2056 quac
1444 2001 1580 2042 nullae
1603 2011 1731 2051 erant,

359 2055 492 2103 visae3
526 2066 567 2095 et
591 2056 634 2095 in
657 2055 765 2096 Iovis
786 2055 957 2096 Vicilini
981 2055 1147 2111 templo,
1171 2057 1284 2111 quod
1309 2058 1353 2097 in
1377 2058 1615 2113 Compsano
1636 2074 1733 2114 agro
1748 2067 1765 2099 7

359 2119 433 2160 est,
451 2127 563 2152 arma
583 2113 891 2168 concrepuisse:
926 2121 967 2153 et
987 2113 1144 2153 flumen
1167 2114 1377 2154 Amiterni
1391 2124 1609 2156 cruentum
1626 2116 1733 2156 flux-

151 2175 269 2206 Fabius
285 2186 339 2222 pa·
360 2169 448 2209 isse.
511 2168 591 2210 His
615 2170 842 2225 procuratis
873 2185 924 2210 ex
953 2170 1119 2210 decreto
1143 2171 1402 2225 pontificum,
1431 2172 1603 2227 profecti
1634 2188 1733 2213 con-

151 2218 313 2247 terafiho
359 2225 479 2275 sules,
506 2225 773 2281 Sempronius
794 2227 837 2266 in
863 2226 1067 2275 Lucanos,
1091 2226 1133 2265 in
1156 2227 1353 2282 Apuliam
1386 2228 1547 2269 Fabius.
1609 2229 1734 2270 Pater

151 2261 342 2290 descendere
407 2283 415 2290 .
740 2283 758 2297 Ἰ
989 2284 996 2290 .
1291 2285 1298 2291 .
1654 2287 1661 2294 .

151 2312 233 2340 equo
250 2303 310 2332 ius·
360 2282 445 2323 fiho
466 2283 623 2338 legatus
655 2284 707 2323 ad
732 2283 965 2324 buessulam
988 2298 1030 2323 m
1055 2292 1186 2323 castra
1207 2296 1330 2325 vemt.
1395 2285 1539 2333 Quum
1571 2287 1733 2327 obviam

152 2354 214 2374 SUS-

359 2437 445 2466 oneri
469 2437 597 2467 ferendo
621 2447 683 2467 non
707 2442 799 2473 esset,
815 2448 854 2468 ex
871 2438 930 2468 hoc
947 2442 1024 2469 tem-
1070 2440 1253 2480 peregrinus
1279 2446 1370 2479 esset,
1394 2442 1448 2481 qui
1473 2442 1521 2472 ius
1545 2441 1627 2472 inter
1647 2453 1733 2481 pere-

360 2489 435 2517 pore
462 2489 578 2509 munus
607 2480 719 2509 horum
751 2480 898 2510 ludorum
928 2491 1025 2520 appa—
1068 2482 1184 2521 grinos,
1212 2485 1260 2514 vel
1284 2484 1366 2514 inter
1392 2484 1570 2523 peregrinos
1594 2488 1626 2514 et
1650 2484 1734 2515 cives

359 2522 699 2560 randorum,tanquam
709 2522 832 2553 Graece
841 2522 1026 2562 λειτουργία,
1070 2525 1199 2555 diceret.
1231 2527 1270 2556 ef.
1287 2537 1371 2565 supr.
1388 2527 1463 2556 xxii.
1482 2534 1530 2565 35.

359 2563 514 2593 aedilibus
544 2565 706 2594 curulibus
736 2565 945 2596 deferebatur.
987 2567 1024 2596 cf.
1112 2566 1130 2597 6
1154 2569 1359 2598 Provinciam
1385 2570 1529 2608 haberet]
1566 2569 1641 2599 Sub.
1666 2569 1732 2607 pla·

362 2605 494 2635 Niebhr.
511 2605 552 2636 iii.
570 2617 600 2636 n.
618 2607 665 2644 48.
1069 2610 1146 2646 cuit,
1162 2620 1216 2640 seu
1233 2610 1350 2640 iussum
1368 2615 1423 2641 est.
1449 2611 1556 2641 Dona.

405 2655 420 2683 3
446 2649 575 2686 Itaque]
616 2659 657 2678 se.
682 2651 726 2678 Et
756 2651 813 2681 ita.
838 2654 934 2689 atque
965 2650 1024 2680 boc
1113 2659 1129 2690 7
1152 2654 1237 2682 Iovis
1264 2654 1406 2690 Vicilini]
1441 2654 1625 2692 Cognomen
1653 2652 1730 2680 Vici-

362 2688 466 2721 modo,
482 2699 544 2726 quo
560 2690 665 2719 statim
682 2692 868 2722 narrabitur.
1068 2695 1154 2723 linus
1176 2704 1195 2723 a
1219 2695 1288 2724 loco
1312 2695 1406 2724 hodie
1424 2694 1583 2733 incognito
1599 2695 1729 2723 ductum

404 2739 423 2765 4
445 2731 514 2759 Eae
536 2731 627 2761 binae
647 2735 756 2770 erant]
791 2734 913 2772 Singuli
937 2745 1023 2764 exer·
1071 2735 1202 2766 videtur.
1227 2737 1365 2766 SrRoTn.
1412 2737 1483 2766 Nisi
1506 2735 1598 2765 malis
1625 2735 1729 2764 Viscil-

363 2769 443 2799 citus
459 2771 536 2800 duas
554 2773 691 2808 legiones
707 2775 877 2805 habebant.
1068 2779 1165 2811 linus..
1180 2782 1235 2807 aut
1254 2778 1462 2808 Vescellinus.
1490 2779 1527 2807 cf.
1544 2787 1626 2815 supr.
1643 2776 1728 2805 xxiii.

405 2820 421 2848 5
447 2813 622 2850 Fere-arina
643 2818 724 2851 sors]
757 2826 798 2845 se.
817 2817 882 2851 Qui
902 2822 1024 2855 Pl‘ssssfffl'
1070 2827 1118 2856 37·
