1877 3178
392 114 470 152 194
897 108 1042 149 TITI
1088 108 1260 148 LIVII

187 213 230 243 U.
247 213 284 243 C.
308 213 377 251 538.
391 201 667 257 quadriennio
702 215 785 240 non
823 200 1078 248 militassent,
1112 200 1263 254 quibus
1296 214 1432 254 neque
1466 200 1622 240 vacatio
1657 200 1764 240 iusta

185 257 223 286 A.
248 256 284 286 C.
310 265 378 293 ²14·
393 258 575 306 militiae,
613 273 749 313 neque
786 258 950 297 morbus
986 272 1107 297 causa
1140 257 1294 298 fuisset.
1358 256 1413 296 Et
1443 271 1491 297 ea
1525 272 1647 312 supra
1679 257 1763 297 duo

392 316 521 357 millia
547 316 761 356 nominum
792 315 835 354 in
865 314 1039 355 aerarios
1072 313 1212 363 relata,
1246 314 1438 369 tribuque
1473 329 1615 354 omnes
1647 314 1760 355 moti.

394 373 684 428 Additumque
721 372 843 412 inerti
879 372 1087 412 censoriae
1124 380 1246 412 notae
1283 371 1397 411 triste
1434 371 1795 411 senatusconsul-6

392 441 506 472 tum:
541 439 587 470 ut
610 431 639 469 ii
667 444 822 477 omnes5
845 444 948 483 quos
975 444 1164 469 censores
1191 436 1414 477 notassent,
1436 428 1611 483 pedibus
1632 443 1765 469 mere-

391 496 496 537 rent,
529 488 875 541 mitterenturque
906 486 950 526 in
985 486 1165 526 Siciliam
1201 486 1253 526 ad
1292 485 1525 526 Cannensis
1560 485 1764 525 exercitus

392 545 597 600 reliquias,
621 545 687 585 cui
709 543 885 583 militum
907 543 1049 598 generi
1077 558 1162 583 non
1190 544 1315 599 prius,
1339 557 1463 598 quam
1484 542 1625 598 pulsus
1646 541 1766 583 Italia

392 602 518 643 hostis
539 610 657 651 esset,
682 601 843 641 finitum
865 600 1165 656 stipendiorum
1187 610 1348 656 tempus
1369 608 1466 640 erat.

187 658 378 707 Liberalitas
453 660 597 708 Quum
618 673 819 706 censoreS,
843 659 894 698 ob
923 658 1107 713 inopiam
1135 659 1292 706 aerarii,
1314 672 1356 697 se
1385 657 1466 697 iam
1493 656 1765 697 locationibus

185 712 206 741 p
210 705 380 732 matorum
392 717 645 758 abstinerent
694 715 859 756 aedium
909 730 1112 755 sacrarum
1164 715 1424 763 tuendarum,
1475 713 1764 768 curuliumque
1781 726 1797 758 7

187 745 379 784 ergaRemp.
393 789 595 830 equorum
616 772 961 829 praebendorum,
984 787 1029 812 ac
1051 772 1246 812 similium
1267 772 1329 812 his
1350 787 1512 820 rerum,
1536 785 1765 811 convenere

393 833 446 873 ad
478 847 547 873 eos
571 831 821 886 frequentes,
849 830 919 884 qui
953 829 1091 869 hastae
1125 829 1248 869 huius
1279 829 1442 884 generis
1475 836 1797 869 assueverant:8

393 889 629 944 hortatique
657 902 859 935 censores,
893 892 965 926 ‘ut
997 887 1136 927 omnia
1161 883 1334 942 perinde
1364 895 1546 941 agerent,
1568 885 1764 935 locarent,

394 953 406 970 ‘
421 962 467 988 ac
491 947 523 987 si
545 945 720 1001 pecunia
742 945 786 984 in
807 944 962 984 aerario
984 952 1101 987 esset.
1165 943 1404 992 Neminem,
1431 943 1510 983 nisi
1535 942 1643 983 bello
1668 957 1767 983 con-

394 1004 541 1052 ‘fect0,
570 1002 788 1057 pecuniam
822 1002 871 1041 ab
900 1001 1056 1041 aerario
1088 1001 1313 1055 petiturum
1345 1001 1458 1041 esse.'
1520 999 1766 1039 Convenere

392 1060 544 1102 deinde
562 1059 721 1100 domini
738 1073 892 1105 eorum,
911 1072 1014 1112 quos
1036 1057 1101 1097 Ti.
1121 1056 1388 1112 Sempronius
1409 1057 1460 1097 ad
1478 1057 1767 1097 Beneventum

392 1133 520 1158 manu
554 1116 769 1156 emiserat:
809 1114 1103 1168 arcessitosque
1137 1129 1178 1154 se
1215 1115 1266 1154 ab
1299 1114 1520 1154 triumviris
1556 1113 1799 1159 mensariis9

392 1189 479 1215 esse
497 1174 706 1220 dixerunt,
729 1180 775 1211 ut
795 1171 927 1226 pretia
948 1185 1158 1211 servorum
1184 1171 1444 1226 acciperent:
1478 1179 1660 1211 ceterum
1682 1186 1767 1211 non

392 1241 500 1280 ante,
530 1244 655 1285 quam
685 1228 794 1269 bello
825 1228 1026 1276 confecto,
1056 1236 1296 1282 accepturos
1327 1243 1425 1268 esse.
1491 1228 1634 1275 Quum
1665 1228 1767 1269 haec

392 1288 606 1329 inclinatio
628 1286 860 1327 animorum
882 1284 1013 1340 plebis
1039 1284 1091 1324 ad
1116 1285 1398 1325 sustinendam
1420 1285 1602 1340 inopiam
1624 1286 1769 1326 aerarii

392 1346 532 1393 fieret3
560 1344 760 1400 pecuniae
779 1358 944 1398 quoque
962 1341 1184 1397 pupillares
1200 1342 1345 1397 primo,
1368 1342 1519 1382 deinde
1536 1342 1766 1393 viduarum,
1788 1348 1790 1351 ’

393 1411 562 1458 coeptae
585 1401 784 1442 conferri:
810 1414 1013 1455 nusquam
1036 1414 1104 1439 eas
1125 1400 1253 1439 tutius
1274 1399 1536 1454 sanctiusque
1559 1400 1767 1455 deponere

392 1459 669 1506 credentibus,
693 1458 763 1512 qui
790 1457 1042 1505 deferebant,
1066 1472 1190 1511 quam
1222 1457 1264 1496 in
1295 1456 1461 1512 publica
1490 1457 1585 1497 fide.
1648 1457 1767 1507 Inde,

392 1518 425 1557 si
447 1516 547 1572 quid
571 1524 756 1570 emptum
778 1523 1050 1569 paratumque
1072 1513 1240 1568 pupillis
1257 1529 1302 1554 ac
1320 1514 1453 1554 viduis
1470 1514 1585 1563 foret,
1604 1530 1627 1555 a
1643 1530 1794 1570 quae-1

393 1583 500 1614 store
523 1572 861 1628 perscribebatur.
916 1570 1103 1610 Manavit
1127 1586 1175 1611 ea
1195 1571 1445 1625 privatorum
1463 1568 1696 1626 benignitas
1717 1587 1770 1612 ex

393 1631 495 1671 urbe
512 1630 636 1670 etiam
659 1629 701 1668 in
723 1636 864 1676 castra,
883 1637 927 1667 ut
945 1643 1029 1668 non
1046 1642 1186 1682 eques,
1206 1643 1289 1667 non
1312 1630 1499 1669 centurio
1516 1629 1770 1684 stipendium

394 1688 641 1743 acciperent,
673 1685 1057 1739 mercenariumque
1086 1685 1347 1739 increpantes
1374 1695 1581 1735 vocarent,
1605 1686 1677 1742 qui
1704 1701 1771 1727 ac-

394 1745 580 1800 cepisset.

254 1804 317 1841 19.
456 1802 508 1849 Q.
543 1800 693 1841 Fabius
728 1798 870 1839 consul
911 1798 962 1838 ad
1002 1796 1232 1838 Casilinum
1267 1806 1397 1839 castra
1432 1799 1621 1848 habebat,
1658 1799 1771 1854 quod

437 1960 575 1991 6-Inerti
590 1962 749 1991 censoriae
763 1961 871 1997 nolae]
890 1958 1061 1993 h.e.Quod

394 2003 535 2042 alioquin
573 2003 633 2033 hoc
670 2007 813 2041 tempore
850 2002 933 2031 iners
967 2004 1061 2035 esset,

395 2056 493 2084 quum
509 2045 621 2075 aerarii
643 2045 675 2074 in
699 2044 875 2083 legionibus
896 2054 958 2073 non
980 2042 1060 2072 mili-

395 2092 509 2118 tarent.

441 2138 456 2169 7
474 2131 706 2169 Caralimnqae
717 2130 884 2169 equorum]
900 2128 1063 2159 “Curuios

396 2173 469 2211 equi
480 2172 712 2210 qnadl·igales,”
722 2171 824 2209 inquit
833 2170 993 2206 Festus,id
1004 2173 1061 2206 est,

397 2225 435 2244 ex
460 2214 720 2252 interpretatione
746 2212 882 2249 Dukeri,
905 2212 958 2250 qui
982 2212 1060 2249 glos-

396 2256 483 2286 sariis
500 2256 668 2292 veteribus,
692 2260 722 2284 et
747 2255 854 2284 codice
873 2258 938 2283 tam
956 2254 1060 2282 Theo-

396 2298 526 2328 dosiano
551 2308 645 2336 quam
672 2297 850 2327 Iustiniano
876 2296 997 2332 nititur,
1021 2295 1062 2324 ad

396 2341 557 2370 vehendas
573 2340 739 2378 quadrigas
753 2338 785 2368 in
802 2338 885 2368 ludis
905 2337 1059 2368 Circensi-

395 2384 454 2413 bus
486 2382 616 2421 publieo
649 2386 779 2420 sumptu
814 2380 957 2419 praebiti.
1014 2378 1061 2408 Hi

395 2426 435 2455 ab
465 2424 718 2463 redemptoribus
744 2423 857 2462 pretio,
883 2422 1061 2452 locantibus

396 2467 587 2502 censoribus,
611 2477 650 2496 ex
672 2465 791 2496 aerario
815 2468 948 2503 accepto
973 2474 1060 2503 prae—

396 2510 560 2540 bebantur.
586 2509 724 2551 Sruorn.

439 2553 457 2582 8
480 2554 604 2582 IIastae
633 2552 731 2581 haias
757 2550 899 2589 yenerz's]
938 2549 1062 2578 Hastae

396 2594 655 2630 subjiciebantur,
668 2593 699 2622 id
716 2596 774 2629 est,
786 2592 878 2621 hasta
893 2591 995 2630 posita
1012 2601 1061 2620 ve—

396 2635 517 2671 nibant,
546 2645 754 2674 quaecunque
788 2633 916 2673 publice
944 2643 1061 2663 venun-

396 2677 514 2706 dabant
531 2677 670 2706 Romani
684 2690 691 2713 3
713 2687 801 2706 more
824 2676 897 2705 inde
913 2676 1062 2711 deducto,

396 2719 480 2755 quod
510 2719 618 2756 primis
644 2719 838 2757 temporibus
867 2728 904 2747 ea
934 2722 1060 2747 tantum

396 2759 524 2797 publice
556 2760 715 2796 venibant,
743 2770 824 2798 quae
855 2760 939 2789 bello
967 2763 1061 2797 capta

395 2801 529 2830 fuerant.
574 2802 625 2830 Ad
649 2802 771 2830 hastam
795 2811 922 2839 quoque
943 2801 1061 2830 flebant

396 2842 570 2872 locationes
593 2843 790 2880 publicorum
808 2853 948 2880 operum.
996 2843 1059 2871 Ita-

1105 1967 1166 1995 que
1183 1958 1237 1996 qui
1252 1957 1361 1987 lzasz‘ae
1377 1958 1473 1986 liuius
1485 1958 1612 1995 gyeneris
1627 1968 1769 1988 assueve-

1105 2004 1180 2028 rant
1202 1999 1223 2028 ii
1246 2003 1331 2035 sunt,
1347 1999 1399 2037 qui
1416 1999 1570 2029 similibus
1589 2000 1682 2030 rebus
1698 2011 1769 2030 con—

1106 2041 1259 2071 ducendis
1273 2045 1485 2071 assueverant.
1511 2042 1615 2072 CrtEv.

1148 2094 1167 2123 9
1194 2085 1382 2113 Triamvirz's
1397 2085 1578 2121 mensariis]
1600 2083 1674 2115 Vid.
1685 2094 1769 2124 supr.

1106 2136 1195 2156 xxm.
1213 2135 1260 2155 21.

1152 2178 1161 2197 1
1188 2169 1223 2197 Si
1239 2168 1316 2206 qaid
1329 2169 1483 2205 emptam]
1513 2168 1545 2197 Si
1561 2168 1637 2206 quid
1653 2179 1672 2198 a
1686 2172 1769 2198 tuto-

1106 2210 1190 2239 ribus
1211 2210 1242 2238 in
1267 2219 1359 2238 usum
1376 2209 1540 2238 viduarum
1559 2211 1607 2239 vel
1631 2211 1768 2249 pupillo-

1105 2262 1173 2281 rum
1197 2255 1342 2290 emptnm
1366 2256 1457 2288 esset,
1473 2251 1679 2282 creditoribus
1697 2253 1769 2282 scri—

1106 2298 1199 2333 ptura
1229 2294 1374 2330 dabatur,
1401 2304 1463 2332 qua
1495 2295 1535 2323 ad
1570 2298 1768 2332 quaestorem

1105 2336 1244 2373 remissa,
1260 2340 1315 2365 aut
1332 2335 1467 2374 pretium
1484 2336 1527 2365 rei
1544 2336 1701 2373 venditae,
1713 2341 1769 2367 aut

1105 2378 1291 2416 scripturam
1312 2378 1441 2417 publica
1462 2378 1524 2408 fide
1543 2378 1700 2408 munitam
1718 2390 1767 2409 ac-

1105 2420 1275 2459 cipiebant.
1322 2421 1396 2450 Hoc
1425 2421 1563 2459 primum
1589 2422 1675 2459 apud
1702 2421 1767 2451 Ro-

1105 2473 1216 2492 manos
1228 2463 1413 2502 exemplum
1425 2467 1471 2493 est
1484 2463 1550 2493 eius
1560 2463 1600 2493 ad
1613 2462 1766 2493 sustinen-

1105 2506 1179 2535 dam
1190 2505 1301 2535 aerarii
1313 2505 1453 2544 inopiam
1468 2506 1500 2535 in
1506 2509 1615 2535 ventae
1626 2505 1767 2543 rationis,

1105 2558 1187 2586 quae
1209 2548 1296 2586 apud
1318 2547 1485 2577 hodiernos
1507 2548 1692 2586 pervulgata
1709 2551 1767 2584 est,

1107 2589 1251 2629 Anglice,
1267 2601 1286 2619 α
1306 2601 1411 2629 paper
1432 2600 1595 2628 currencty.
1626 2590 1664 2619 ef.
1680 2599 1765 2627 supr.

1108 2632 1160 2662 vii.
1182 2642 1229 2662 21.
1281 2632 1445 2666 Quoniam
1476 2631 1607 2661 consilio
1636 2631 1765 2670 publico

1105 2685 1230 2705 mensae
1250 2673 1282 2703 in
1298 2674 1365 2703 foro
1381 2674 1502 2712 positae
1522 2677 1605 2709 sunt,
1621 2672 1765 2711 Anglice,

1103 2728 1123 2746 a
1153 2718 1237 2746 bank
1266 2718 1304 2754 of
1332 2717 1477 2755 deposits,
1506 2720 1537 2745 et
1568 2714 1765 2753 quinqueviri

1104 2758 1250 2788 mensarii
1276 2758 1405 2796 publica
1431 2758 1494 2787 fide
1522 2755 1650 2786 nomina
1675 2757 1765 2787 tarda

1105 2800 1327 2830 dissolvebant.
1382 2800 1433 2829 De
1469 2809 1545 2829 voce
1577 2799 1692 2833 viduis,
1726 2799 1764 2829 cf.

1105 2852 1187 2879 supr.
1205 2841 1223 2871 i.
1242 2851 1289 2879 43.
