1871 3178
486 91 607 131 Llss.
646 90 811 131 XXIV.
859 90 1003 130 CAP.
1045 95 1104 130 1⁴5.
1410 96 1478 132 191

69 197 85 225 5
100 196 229 237 quum
252 180 427 236 impigre
452 180 662 220 Numidae
685 180 970 227 occurrissent,
993 194 1070 218 nec
1096 179 1261 233 segnior
1281 180 1484 233 equitum,
1506 189 1544 219 17.
1562 190 1599 218 (ἴ.
1625 190 1694 227 53⁸-

99 253 225 293 quam
246 237 450 292 peditum,
468 253 610 293 pugna
631 246 749 284 esset,
769 237 918 276 iterum
941 236 983 275 in
1002 235 1176 275 dubium
1200 235 1381 275 adducta
1402 252 1483 285 rcs;
1502 234 1539 262 A.
1564 234 1601 262 (’·
1625 242 1694 268 ²¹⁴·

99 310 230 351 quum
262 295 472 349 utrimque
501 290 641 343 (111005,
675 294 889 334 Romanus
923 292 1131 333 Bruttium
1166 292 1484 348 Lucanumque,

99 353 222 393 toties
244 367 268 392 a
284 353 507 392 maioribus
527 352 610 392 suis
625 352 751 391 victos
765 350 1038 405 subactosque
1055 366 1064 398 3
1098 349 1266 390 Poenus
1281 350 1487 405 mancipia

67 418 86 449 6
101 409 292 449 Romana
305 419 345 450 et
361 425 411 449 ex
430 408 635 464 ergastulo
653 407 826 447 militem
844 408 979 447 verbis
993 407 1210 447 obtereret.
1271 407 1485 447 Postremo

98 467 341 521 pronuntiat
375 466 602 513 Gracchus,
627 471 736 505 ‘esse
767 464 885 512 nihil,
908 464 1021 519 qnod
1050 464 1101 503 de
1128 463 1315 504 libertate
1348 479 1485 518 spera-

100 529 110 546 ‘
127 532 233 571 rent,
257 524 333 563 nisi
357 539 406 563 eo
427 523 494 563 die
516 523 593 562 fusi
615 521 829 576 fugatique
852 521 990 561 hostes
1011 522 1173 561 essent)
1235 521 1297 561 Ea
1313 521 1480 561 demum
1566 528 1625 564 16,

69 594 177 626 7vox
205 581 262 621 ita
282 581 440 620 animos
469 579 672 627 accendit,
696 587 820 633 atque
842 587 1039 618 renovato
1065 578 1257 627 clamore,
1280 578 1393 618 velut
1416 578 1482 618 alii
1501 582 1636 629 Romani

97 646 270 693 repente
292 637 401 685 facti,
425 645 537 677 tanta
559 636 597 676 vi
626 650 668 675 se
692 635 732 674 in
762 635 921 675 hostem
956 635 1200 684 intulerunt,
1224 644 1270 675 ut
1291 636 1484 676 sustineri
1501 630 1640 654 vincunt.

97 694 206 735 ultra
234 710 318 735 non
344 702 522 749 possent.
585 693 727 733 Primo
757 692 1016 746 antesignani
1048 692 1301 741 Poenorum,
1331 693 1484 733 deinde

97 752 214 806 signa
244 751 494 806 perturbata,
517 759 725 805 postremo
757 758 843 790 tota
874 746 1051 804 impulsa
1072 750 1179 789 acics
1196 765 1205 797 3
1245 749 1343 789 inde
1372 749 1484 789 haud

97 805 223 849 dubie
245 817 360 862 terga
388 807 496 856 data,
519 815 731 861 ruuntque
753 807 961 861 fugientes
983 806 1025 846 in
1047 815 1190 855 castra,
1214 806 1319 847 adeo
1345 807 1485 862 pavidi

96 862 346 920 trepidique,
370 873 417 905 ut
438 879 490 904 nc
517 864 560 904 in
591 864 719 919 portis
741 864 913 919 quidem
945 872 1016 904 aut
1038 863 1144 904 vallo
1177 864 1398 919 quisquam
1421 879 1484 905 re-

95 922 257 971 stiterit,
273 937 319 962 ac
336 936 464 977 prope
482 922 714 962 continenti
738 921 903 976 agmine
922 920 1105 960 Romani
1122 921 1312 970 insecuti,
1330 937 1484 962 novum

94 979 147 1019 de
179 979 342 1034 integro
373 978 577 1034 proelimn
609 978 756 1018 inclusi
789 978 970 1018 hostium
999 978 1107 1018 vallo
1138 978 1357 1018 ediderint.
1421 978 1483 1019 Ibi

95 1036 201 1077 sicut
221 1051 363 1092 pugna
384 1035 624 1091 impeditior
644 1036 687 1075 in
709 1035 921 1089 angustiis,
941 1035 998 1075 ita
1018 1035 1167 1075 caedes
1189 1036 1365 1076 atrocior
1385 1036 1481 1076 fuit:

95 1101 137 1134 et
158 1093 353 1134 adiuvere
371 1093 535 1148 captivi,
559 1093 645 1148 qui,
660 1101 777 1148 rapto
799 1093 907 1133 inter
930 1092 1155 1132 tumultum
1177 1093 1297 1141 ferro,
1313 1092 1483 1147 conglo-

94 1150 181 1190 bati
202 1158 244 1191 et
264 1151 314 1191 ab
341 1159 457 1205 tergo
479 1150 722 1190 ceciderunt
747 1150 926 1197 Poenos,
949 1158 991 1189 et
1018 1150 1158 1204 fugam
1187 1149 1481 1204 impedierunt.

96 1206 245 1262 Itaque
267 1207 405 1247 minus
426 1207 510 1246 duo
539 1206 669 1246 millia
689 1206 907 1246 homimnn
930 1221 982 1246 ex
1008 1215 1123 1246 tanto
1150 1207 1350 1255 exercitu,
1374 1215 1415 1246 et
1435 1221 1485 1246 ea

96 1264 227 1304 maior
246 1279 340 1319 pars
362 1264 566 1318 equitum,
589 1279 683 1303 cum
713 1263 802 1318 ipso
823 1263 929 1303 duce
952 1264 1211 1317 effugerunt:
1246 1263 1314 1303 alii
1340 1278 1485 1303 omncs

96 1321 204 1361 caesi
237 1331 308 1360 aut
341 1320 462 1376 capti.
528 1320 664 1375 Capta
699 1329 736 1360 et
773 1320 891 1375 signa
923 1319 1353 1375 duodequadraginta.
1418 1320 1485 1360 Ex

96 1378 320 1418 victoribus
342 1377 425 1417 duo
448 1376 577 1417 millia.
596 1378 724 1417 ferme
747 1377 947 1417 cecidere.
1010 1377 1173 1417 Praeda
1189 1377 1324 1417 omnis
1345 1377 1485 1432 (prae-

97 1444 286 1490 terquam
307 1434 525 1474 hominum
548 1434 784 1489 captorum>
805 1434 925 1474 militi
958 1448 1154 1474 concessa
1174 1442 1260 1473 est:
1295 1442 1337 1473 et
1358 1448 1484 1488 pecus

96 1500 321 1547 exceptum
361 1500 435 1540 est,
477 1491 591 1545 quod
632 1492 741 1531 intra
780 1491 869 1531 dies
910 1490 1082 1545 triginta
1128 1490 1288 1531 domini
1329 1505 1484 1546 cogno-

95 1557 261 1589 wssent.

157 1605 301 1653 Quum
323 1604 477 1660 praeda
497 1604 635 1644 onusti
660 1604 704 1644 in
732 1612 865 1645 castra
891 1603 1108 1654 redissent,
1132 1612 1329 1660 quattuor
1356 1604 1485 1644 millia

95 1663 224 1703 ferme
255 1661 453 1702 volonum
484 1661 676 1710 militum,
700 1662 772 1716 qui
803 1670 1091 1717 pugnaverant
1121 1662 1301 1717 segnius,
1330 1676 1408 1702 nec
1440 1661 1483 1701 in

95 1729 226 1761 castra
255 1719 490 1774 irruperant
520 1718 656 1768 simul,
679 1726 795 1759 metu
825 1734 984 1774 poenae
1016 1718 1164 1759 collem
1195 1718 1307 1758 haud
1338 1718 1483 1774 procul

95 1776 236 1817 castris
267 1784 479 1831 ceperunt.
542 1775 716 1816 Postero
747 1776 815 1816 die
846 1791 921 1832 per
950 1776 1139 1817 tribunos
1170 1775 1350 1816 militum
1383 1775 1481 1815 inde

63 1833 279 1882 8deducti,
313 1833 514 1873 concione
548 1833 728 1873 militum
759 1832 958 1874 advocata
990 1848 1014 1873 a
1048 1833 1254 1882 Graccho,
1287 1848 1483 1888 superve-

95 1891 229 1931 niunt.
288 1890 373 1930 Ubi
395 1905 525 1946 quum
546 1890 769 1946 proconsul
789 1899 950 1931 veteres
971 1890 1122 1931 milites
1143 1890 1338 1946 primum,
1361 1899 1484 1945 prout
1498 1894 1680 1941 Yolonibus

95 1947 298 2003 cuiusque
318 1947 448 1987 virtus
469 1955 594 2002 atque
616 1963 742 2003 opera
766 1947 809 1987 in
835 1963 885 1988 ea
904 1963 1047 2003 pugna
1066 1947 1212 1996 fuerat,
1235 1937 1626 2009 111111101110115ὲζῖζῗΜΞ
1639 1938 1692 1966 ‘¹³'

95 2004 216 2046 donis
246 2004 452 2054 donasset,
482 2013 596 2054 tune,
621 2004 735 2060 quod
766 2004 819 2045 ad
843 2005 1013 2045 volones
1043 2005 1252 2053 attineret,
1287 2005 1484 2052 ‘omnes,'
1551 2003 1558 2009 ’

94 2062 165 2111 ait,
199 2067 210 2085 ‘
226 2061 347 2102 malle
368 2061 558 2102 laudatos
579 2077 603 2102 a
623 2077 680 2111 se,
702 2062 851 2117 dignos
872 2062 1165 2117 indignosque,
1188 2076 1314 2116 quam
1336 2076 1483 2116 quem-

96 2124 251 2174 ‘quam
283 2133 333 2159 eo
368 2118 436 2159 die
472 2119 719 2174 castigatum
755 2133 853 2159 esse.
920 2118 1048 2166 Quod
1084 2119 1254 2166 bonum,
1287 2118 1481 2166 faustum,

96 2181 108 2200 ‘
123 2175 308 2231 felixque
330 2175 582 2231 reipublicae
604 2176 787 2231 ipsisque
810 2184 929 2224 esset,
953 2190 1098 2216 omnes
1125 2190 1196 2215 eos
1224 2174 1374 2215 liberos
1395 2189 1482 2215 esse

96 2237 107 2255 ‘
123 2232 292 2273 iubere.’
354 2232 425 2273 Ad
446 2247 573 2288 quam
594 2248 739 2274 vocem
761 2248 892 2288 quum
915 2232 1070 2273 clamor
1088 2231 1249 2287 ingenti
1272 2231 1481 2272 alacritate

95 2288 279 2329 sublatus
310 2298 429 2338 esset,
456 2304 502 2330 ac
533 2304 646 2330 nunc
677 2289 885 2345 complexi
916 2290 1026 2330 inter
1056 2304 1098 2330 se
1129 2288 1481 2345 gratulantesque,

95 2360 209 2385 nunc
236 2360 384 2385 manus
412 2345 464 2385 ad
491 2346 656 2386 coelum
684 2346 888 2395 tollentes,
911 2347 1022 2387 bona
1049 2346 1190 2387 omnia
1216 2345 1372 2401 populo
1395 2345 1482 2385 Ro-

95 2416 220 2443 mano
244 2400 522 2456 Gracchoque
543 2402 622 2457 ipsi
643 2412 938 2457 precarentur3
977 2411 1067 2443 tum
1092 2402 1330 2443 Gracchus:
1366 2401 1483 2441 ‘Pri-

97 2465 109 2483 ‘
125 2473 300 2514 usquam
328 2473 472 2499 omnes
498 2458 588 2499 iure
617 2458 818 2500 libertatis
845 2459 1113 2515 aequassem,'
1137 2459 1288 2513 inquit,
1323 2458 1483 2498 ‘nemi-

139 2581 156 2609 5
173 2571 336 2601 Nmm'dae
353 2570 580 2607 occurrissent]
598 2570 681 2599 Edd.
696 2574 768 2608 post
812 2570 878 2600 ker.
896 2569 961 2608 qui,
977 2569 1235 2607 interpunctione
1253 2573 1321 2607 post
1339 2570 1482 2599 accendit

96 2614 217 2643 Aldun]
234 2614 481 2645 concurrissent.
491 2612 546 2641 sed
558 2613 768 2643 occurris-..cent
814 2612 928 2651 posita,
946 2611 1135 2650 particulam
1152 2616 1247 2651 alque
1263 2611 1392 2641 omittit.

95 2665 114 2685 a
131 2655 296 2685 Drakeub.
314 2658 344 2684 et
362 2654 481 2684 Stroth.
499 2654 660 2692 probatur.
856 2655 874 2683 8
899 2654 1054 2684 concione
1070 2655 1203 2683 mililum
1220 2654 1389 2691 advocata]
1417 2653 1482 2683 Vo-

138 2696 158 2727 6
189 2698 297 2728 Verbis
312 2697 481 2733 obtereret]
510 2696 549 2726 cf.
567 2696 660 2735 Supr.
678 2696 766 2725 xxiii.
813 2705 881 2726 cem
905 2697 1053 2731 militum,
1069 2700 1103 2725 ut
1121 2705 1204 2734 quae
1227 2695 1335 2725 odiose
1358 2706 1396 2725 ex
1418 2706 1482 2725 ver-

98 2748 148 2777 43.
813 2738 860 2767 bis
876 2737 1142 2777 praecedentibus
1158 2737 1291 2776 repetita
1308 2738 1359 2775 sit,
1372 2737 1482 2767 omise-

142 2788 158 2820 7
181 2783 234 2811 Ita
250 2781 372 2811 animos
388 2781 546 2817 accendit]
567 2782 623 2810 Ira
640 2790 679 2809 ex
696 2790 767 2809 con·
814 2784 886 2809 runt
903 2780 996 2810 C1·ev.
1014 2785 1043 2810 et
1062 2779 1201 2810 Bekker.

98 2823 218 2853 iectura
235 2823 375 2853 Gronov.
394 2833 450 2861 pro
467 2824 509 2852 ita
528 2822 667 2861 reposuit
686 2822 768 2851 Bek-
