1877 3178
318 102 399 141 378
443 136 445 139 ,
828 99 973 141 ΤΙΤΙ
1013 100 1190 141 LIVII

114 188 156 218 U.
174 189 211 219 C.
234 198 305 228 544·
318 185 604 227 restitueretur
634 186 866 236 Atintania,
898 187 1163 228 Scerdilaedo
1196 196 1239 228 et
1271 187 1466 229 Pleurato
1498 189 1694 246 Ardyaei.
1711 209 1728 241 5

110 232 149 261 A.
175 232 212 262 C.
236 232 308 261 ²08·
321 241 546 283 Enimvero
562 243 784 298 indignum
805 252 915 284 ratus
933 244 1165 300 Philippus,
1181 245 1309 285 victos
1326 245 1471 285 victori
1491 246 1568 286 sibi
1589 247 1697 288 ultro

319 299 578 340 conditiones
605 300 733 341 ferre:
770 300 863 341 ‘Ne
889 311 1010 342 antea
1038 301 1210 356 quidem
1237 316 1280 342 se
1309 311 1380 342 aut
1411 302 1462 342 de
1494 317 1594 357 paee
1625 319 1698 344 au-

321 362 332 379 ‘
345 356 466 406 disse,
481 366 552 397 aut
572 357 754 398 indutias
774 358 1007 413 pepigisse,7
1026 358 1145 407 dixit,
1166 363 1177 381 ‘
1190 373 1304 413 spem
1327 358 1453 399 ullam
1474 359 1698 400 habentem

321 418 333 436 ‘
346 413 558 468 quieturos
579 414 753 455 Aetolos
769 430 779 463 3
812 415 885 455 sed
906 424 953 455 ut
973 430 1117 455 omnes
1137 416 1268 455 socios
1294 424 1418 455 testes
1448 415 1631 465 haberet,
1653 432 1696 457 se

322 475 333 493 ‘
347 470 471 525 pacis,
493 471 585 511 illos
604 470 703 511 belli
724 486 887 512 causam
909 472 1142 526 quaesisse.'
1201 471 1267 511 Ita
1290 471 1443 512 infecta
1470 487 1570 527 pace
1599 488 1698 513 con-

321 527 464 568 cilium
503 527 672 576 dimisit,
707 537 903 583 quattuor
941 528 1123 568 millibus
1163 538 1413 569 armatorum
1452 529 1606 569 relictis
1645 529 1699 569 ad

320 584 572 639 praesidium
595 584 874 631 Achaeorum,
892 593 933 625 et
947 585 1133 640 quinque
1155 585 1289 640 longis
1310 586 1483 626 navibus
1504 586 1694 640 acceptis.

324 640 439 688 Quas
469 641 502 681 si
533 641 749 682 adiecisset
775 642 921 682 missae
943 657 1077 696 nuper
1097 641 1149 682 ad
1170 657 1212 682 se
1234 641 1351 682 classi
1376 641 1698 697 Carthaginien-

319 697 438 746 sium,
461 707 503 738 et
530 713 583 738 ex
606 697 806 754 Bithynia
836 699 886 739 ab
918 713 1013 753 rege
1045 698 1192 739 Prusia
1217 699 1479 739 venientibus
1509 699 1697 748 navibus,

319 762 517 795 statuerat
546 755 681 795 navali
708 755 866 810 proelio
898 755 1095 795 lacessere
1118 755 1342 804 Romanos,
1366 756 1448 796 iam
1474 755 1548 795 diu
1575 756 1619 795 in
1649 771 1698 796 ea

318 811 487 866 regione
523 820 714 867 potentes
750 812 882 852 maris
946 812 1040 867 Ipse
1077 812 1127 852 ab
1163 827 1213 852 eo
1249 812 1425 853 coneilio
1462 813 1599 867 Argos
1634 827 1698 853 re·-

317 882 504 922 gressus:
558 868 639 908 iam
676 869 788 908 enim
825 868 1083 909 Nemeorum
1119 869 1341 924 appetebat
1376 878 1553 925 tempus,
1590 881 1730 924 quae6

319 924 517 964 celebrari
538 925 702 965 volebat
722 926 956 980 praesentia
975 940 1059 966 sua.

175 981 241 1018 31.
379 980 596 1036 Occupato
629 996 726 1036 rege
758 990 957 1036 apparatu
984 981 1192 1031 ludorum,
1221 991 1263 1023 et
1287 997 1361 1037 per
1384 983 1473 1023 dies
1498 983 1624 1023 festos
1648 982 1698 1022 li-

111 1035 230 1093 Classis
241 1035 306 1088 ΒΟ·
319 1037 492 1086 centius,
515 1052 642 1092 quam
670 1038 779 1078 inter
807 1038 904 1078 belli
934 1047 1132 1093 tempora,
1161 1039 1397 1079 remittente
1426 1040 1624 1089 animum,
1646 1039 1695 1080 P.

110 1078 283 1148 ἓ],1ῑξ]1]ζυ(ἧζ’”
322 1093 542 1148 Sulpicius,
580 1095 630 1134 ab
668 1094 889 1149 Naupacto
924 1094 1145 1149 profectus,
1182 1095 1353 1135 classem
1394 1096 1554 1150 appulit
1589 1097 1699 1136 inter

109 1171 220 1199 agrum
236 1171 301 1191 vas-
322 1150 545 1206 Sicyonem
567 1159 608 1191 et
632 1150 899 1200 Corinthum,
922 1166 1151 1206 agrumque
1178 1152 1455 1192 nobilissimae
1477 1152 1698 1200 fertilitatis

110 1206 167 1234 tat.
319 1207 447 1248 effuse
468 1208 652 1248 vastavit.
715 1207 842 1248 Fama
863 1208 951 1248 eius
972 1208 1031 1248 rei
1053 1207 1297 1263 Philippum
1318 1209 1369 1249 ab
1390 1208 1499 1249 ludis
1520 1209 1695 1249 excivit:

319 1264 553 1319 raptimque
582 1279 678 1305 cum
705 1265 896 1320 equitatu
926 1265 1147 1320 profectus,
1179 1265 1298 1305 iussis
1322 1266 1517 1320 subsequi
1546 1266 1699 1320 pediti-

318 1321 406 1370 bus,
430 1321 587 1376 palatos
607 1322 759 1377 passim
787 1336 861 1377 per
890 1336 1007 1377 agros
1037 1337 1263 1377 gravesque
1284 1322 1450 1378 praeda,
1474 1331 1520 1362 ut
1541 1322 1614 1377 qui
1635 1323 1699 1362 ni-

319 1377 378 1417 hil
411 1378 491 1418 tale
525 1386 772 1427 metuerent,
799 1378 966 1419 adortus
999 1378 1223 1427 Romanos,
1246 1379 1448 1434 compulit
1483 1379 1527 1419 in
1560 1394 1695 1420 naves.

322 1434 476 1475 Classis
503 1435 705 1484 Romana,
736 1435 1059 1490 haudquaquam
1093 1435 1200 1475 laeta
1232 1436 1398 1491 praeda,
1429 1435 1698 1491 Naupactum

318 1491 452 1532 rediit.
515 1492 712 1547 Philippo
735 1507 902 1547 quoque
931 1492 1139 1541 ludorum,
1162 1493 1235 1547 qui
1259 1493 1409 1547 reliqui
1438 1501 1567 1541 erant,
1590 1492 1698 1533 cele·
1713 1509 1730 1541 7

318 1548 511 1588 britatem
552 1559 914 1603 quantaecunque,
956 1549 1008 1589 de
1059 1549 1261 1589 Romanis
1309 1558 1461 1598 tamen,
1502 1550 1697 1590 victoriae

318 1614 458 1659 partae
479 1605 588 1645 fama
608 1615 798 1653 auxerat3
825 1606 1063 1660 laetitiaque
1086 1606 1246 1661 ingenti
1263 1606 1459 1647 celebrati
1474 1606 1567 1647 festi
1583 1606 1695 1648 dies:

318 1676 367 1701 eo
402 1662 530 1716 magis
555 1662 693 1710 etiam,
721 1662 833 1716 quod
866 1662 1121 1716 populariter
1148 1663 1318 1717 dempto
1354 1663 1499 1718 capitis
1531 1663 1696 1718 insigni,

318 1733 597 1773 purpuraque,
620 1727 744 1774 atque
774 1719 853 1758 alio
882 1719 995 1773 regio
1017 1719 1174 1767 habitu,
1198 1728 1446 1773 aequaverat
1476 1720 1624 1759 ceteris
1654 1734 1696 1760 se

319 1775 361 1814 in
383 1775 585 1829 speeiem:
620 1790 704 1830 quo
726 1774 830 1814 nihil
850 1775 1006 1829 gratius
1027 1783 1088 1814 est
1104 1776 1338 1815 civitatibus
1358 1776 1509 1816 liberis.
1572 1775 1698 1816 Prae-

318 1831 556 1886 buissetque
578 1832 690 1871 haud
712 1832 881 1871 dubiam
909 1846 958 1871 eo
989 1831 1096 1871 facto
1127 1846 1243 1886 spem
1273 1831 1485 1880 libertatis,
1507 1832 1586 1872 nisi
1609 1847 1697 1872 om-

318 1888 387 1927 nia
417 1888 676 1928 intoleranda
705 1888 878 1928 libidine
899 1887 1021 1928 foeda
1046 1902 1092 1927 ac
1114 1888 1313 1928 deformia
1334 1888 1548 1928 effecisset.
1611 1888 1697 1929 Va-

316 1945 490 1998 gabatur
510 1946 622 1985 enim
645 1960 740 1984 cum
762 1960 846 1984 11110
868 1953 938 1984 aut
959 1944 1087 1984 altero
1105 1945 1255 1985 comite
1276 1960 1350 2000 per
1371 1945 1535 1985 maritas
1552 1945 1696 1985 domos
1709 1961 1729 1990 8

317 2001 405 2041 dies
427 2010 675 2056 noctesque:
713 2009 767 2050 et,
790 2001 1089 2041 summittendo
1114 2016 1155 2041 se
1181 2002 1225 2041 in
1246 2002 1453 2056 privatum
1474 2001 1694 2057 fastigium,
1709 2025 1728 2056 9

317 2073 401 2112 qno
423 2058 559 2098 minus
580 2066 838 2113 conspectUS,
857 2073 906 2098 co
928 2057 1099 2098 solutior
1115 2066 1223 2098 erat:
1257 2066 1299 2098 et
1319 2058 1552 2098 libertatem
1566 2073 1696 2113 quum

316 2114 405 2154 aliis
432 2130 578 2155 vanam
608 2114 867 2163 ostendisset,
891 2123 1019 2155 totam
1047 2115 1091 2154 in
1119 2130 1235 2155 suain
1268 2114 1478 2155 licentiam
1506 2124 1694 2156 verterat.

111 1386 288 1424 Repellun-

110 1432 160 1457 tur
178 1429 295 1458 Roma-

110 1470 140 1498 ni
157 1480 176 1499 a
195 1470 268 1499 Phi-

110 1512 209 1550 lippo.

111 1780 256 1819 Philippi

110 1822 249 1852 licentia.

1028 2236 1112 2266 ludis
1121 2240 1457 2275 supererant,auxerat
1471 2235 1696 2275 Philipp0‚qui

1028 2279 1146 2308 maiore
1163 2280 1202 2308 ob
1218 2289 1336 2308 novum
1354 2279 1414 2308 hoc
1431 2280 1527 2308 decus
1542 2289 1614 2308 cuni
1630 2280 1697 2318 glo-

360 2245 375 2275 5
400 2238 590 2274 Atintania]
618 2238 719 2276 Regio
736 2237 871 2276 Illyrici,
884 2247 903 2266 a
919 2238 983 2267 Ro-

316 2279 418 2307 manis
442 2279 471 2308 in
497 2280 691 2309 deditionem
708 2284 841 2318 accepta
859 2279 983 2317 aliquot

315 2320 406 2349 annis
422 2325 496 2350 ante
515 2321 641 2351 initium
663 2321 757 2351 huius
772 2322 903 2351 secundi
921 2322 982 2350 Pu-

316 2362 377 2391 nici
395 2363 480 2393 belli.
514 2364 598 2393 Vide
613 2374 697 2402 supr.
715 2374 767 2393 xx.
787 2373 834 2401 30.
881 2364 982 2393 Occu-

317 2404 399 2441 patis
419 2409 527 2435 autem
546 2406 607 2435 hoc
624 2406 708 2435 bello
727 2405 892 2441 Romanis,
909 2405 983 2434 Phi-

317 2446 435 2484 lippus,
454 2451 489 2476 ut
509 2451 643 2486 apparet
667 2458 706 2477 ex
730 2448 790 2477 hoc
814 2448 896 2484 loeo,
912 2457 982 2477 eam

314 2487 480 2520 invaserat.
506 2490 610 2519 Cnnv.

357 2529 376 2559 6
401 2534 490 2566 Quae
505 2532 674 2569 celebrari]
705 2531 834 2566 Quibus
853 2530 982 2561 celebri-

316 2574 412 2600 tatem
430 2573 504 2602 addi
518 2577 549 2603 et
565 2574 778 2612 spectantium
795 2583 982 2603 concursum

315 2614 421 2651 angeri
438 2615 618 2652 praesentia
632 2626 689 2645 sua
706 2616 841 2645 volebat.
865 2616 970 2646 CREV.

1029 2320 1073 2349 ria
1088 2321 1152 2350 illis
1170 2320 1315 2359 praefuit.
1338 2321 1442 2351 ΟΜΝ.

1071 2364 1088 2392 8
1106 2365 1172 2393 [ἐν
1189 2364 1320 2392 maritas
1335 2364 1452 2400 domos]
1475 2372 1517 2393 sc.
1530 2362 1570 2391 In
1581 2362 1696 2400 quibus

1028 2405 1147 2443 degunt
1165 2404 1366 2434 matrimonio
1385 2404 1495 2434 iuncti.
1543 2405 1593 2434 Ita
1609 2409 1696 2435 torus

1027 2449 1162 2476 maritus
1187 2450 1233 2476 est
1258 2447 1344 2485 apud
1370 2447 1462 2476 Ovid.
1488 2447 1568 2477 Her.
1593 2446 1624 2476 ii.
1644 2456 1695 2483 41.

1025 2490 1126 2519 Sacra
1141 2490 1271 2525 marita,
1287 2489 1366 2518 Her.
1383 2488 1437 2518 xii.
1454 2489 1503 2526 87.
1529 2489 1643 2518 DRAK.

1068 2541 1087 2570 9
1110 2532 1337 2561 &immittendo
1361 2531 1409 2567 se]
1451 2531 1574 2559 Vocem
1597 2541 1630 2560 se
1655 2540 1694 2560 ex

1027 2572 1250 2603 emendatione
1264 2572 1405 2602 Gronov.
1418 2572 1537 2602 delevit
1554 2572 1694 2602 Bekker.

1026 2624 1125 2653 quum
1155 2614 1215 2644 hoe
1244 2613 1450 2652 intelligatur,
1475 2615 1695 2644 summittendo

362 2662 376 2691 7
400 2657 553 2695 Philippo
569 2659 707 2697 qaoque]
736 2658 789 2687 Ita
801 2657 982 2687 Gronovius
1018 2658 1190 2696 fizstiyizmz
1209 2666 1301 2686 suum
1319 2656 1368 2685 vel
1390 2655 1510 2693 regium
1531 2657 1566 2684 in
1582 2657 1692 2694 priva-

318 2705 373 2731 pro
404 2697 485 2735 vulg.
516 2700 701 2738 Philippus.
755 2700 871 2729 Sensus
900 2699 959 2728 erit
973 2710 979 2728 :

318 2736 419 2766 Fama
435 2738 593 2775 victoriae,
609 2751 672 2770 non
689 2741 818 2779 quidem
837 2751 982 2779 magnae,

316 2781 435 2812 tamen,
451 2781 534 2816 quod
551 2782 590 2810 de
612 2783 768 2812 Romanis
791 2786 881 2820 parta
903 2786 982 2817 crat,

315 2819 391 2849 satis
412 2820 526 2856 clarae,
543 2823 761 2854 celebritatem
778 2824 912 2860 dierum,
928 2823 981 2862 qui

1027 2703 1109 2733 tum,-
1134 2699 1189 2727 sed
1214 2697 1383 2728 lectionem
1408 2701 1559 2733 nostram,
1583 2707 1691 2734 quarn—

1027 2740 1072 2770 vis
1088 2740 1258 2778 duriorem,
1281 2743 1426 2769 tutantur
1449 2740 1540 2769 codd.
1560 2738 1644 2768 Vict.
1660 2740 1691 2767 et

1028 2782 1166 2813 Harerc.
1517 2789 1528 2795 ·
