1877 3178
165 186 209 218 U.
225 185 263 217 C.
286 193 355 226 540.

163 230 202 260 A.
226 230 264 260 C.
287 238 357 259 212.

170 1206 289 1236 Hanno

167 1248 248 1278 redit
264 1248 295 1277 in

170 1290 322 1321 Bruttios.

235 1386 253 1422 1
261 1384 298 1422 5.

171 1439 329 1478 Campani

170 1482 334 1511 Hanniba-

169 1525 232 1554 lem
240 1528 362 1555 vocant.

171 2078 285 2108 Arcem
302 2077 363 2107 Ta-

168 2120 326 2150 rentinam

171 2162 329 2192 frumento

172 2208 203 2233 et
219 2204 320 2234 milite

172 2246 329 2276 instruunt

174 2288 322 2320 Romani.

366 95 447 133 248
874 89 1020 132 ΤΙΤΙ
1056 89 1233 131 LIVII

368 180 675 236 hortandosque
691 194 830 221 versus
850 179 1012 229 milites,
1030 179 1261 229 ostendere,
1276 179 1319 219 in
1333 188 1488 235 quanto
1502 181 1737 224 discrimine

370 254 417 279 ac
437 238 620 294 periculo
640 237 857 278 fortissima
877 236 1022 278 cohors
1038 237 1242 277 sociorum
1262 245 1305 277 et
1325 237 1477 278 civium
1497 239 1605 296 legio
1618 248 1736 281 esset.

371 295 518 351 Itaque.
539 310 614 351 pro
645 310 686 336 se
709 295 883 350 quisque
905 309 1047 334 omnes
1071 308 1145 349 per
1165 308 1298 348 aequa
1327 302 1450 349 atque
1472 295 1616 352 iniqua
1635 297 1739 345 loca,

372 368 502 408 quum
515 352 701 408 undique
716 352 798 392 tela
817 352 1131 399 conjicerentur,
1146 365 1340 405 armaque
1357 360 1398 391 et
1419 367 1588 408 corpora
1602 354 1741 395 hostes

372 410 611 458 obiicerent,
651 409 895 465 pervadunt,
939 409 1268 463 irrumpuntque.
1350 407 1478 449 Multi
1523 410 1740 459 vulnerati,

373 467 495 508 etiam
517 482 619 522 quos
640 467 743 506 vires
771 466 1017 521 sanguisque
1039 465 1256 514 desereret,
1279 473 1326 505 ut
1349 465 1457 506 intra
1475 466 1627 507 vallum
1647 468 1742 508 hos-

373 525 478 565 tium
508 524 715 571 caderent,
747 523 996 563 nitebantur.
1060 522 1195 577 Capta
1223 522 1363 577 itaque
1394 532 1606 564 momento
1639 533 1746 565 tem-

373 582 494 637 poris,
523 580 635 621 velut
661 580 705 620 in
734 579 858 635 plano
889 579 978 628 sita,
1007 594 1083 619 nec
1113 579 1349 634 permunita
1375 588 1515 621 castra.
1580 581 1743 622 Caedes

372 638 484 687 inde,
506 653 591 678 non
612 638 692 677 iam
713 652 854 692 pugna
874 645 973 685 erat,
996 636 1186 677 omnibus
1214 636 1321 676 intra
1341 636 1493 677 vallum
1513 638 1740 693 permixtis.

377 695 509 751 Supra
521 710 592 735 sex
606 693 734 734 millia
747 693 926 733 hostium
940 694 1083 742 occisa,
1098 708 1220 749 supra
1232 701 1389 748 septem
1407 694 1535 735 millia
1547 695 1742 751 capitum,

374 768 469 793 cum
499 751 862 792 frumentatoribus
902 749 1127 805 Campanis
1167 751 1362 805 omnique
1399 751 1673 806 plaustrorum
1703 760 1745 792 et

374 809 654 850 iumentorum
684 815 893 863 apparatU,
915 816 1045 863 capta.
1108 807 1163 848 Et
1191 807 1269 848 alia
1295 808 1441 862 ingens
1470 809 1624 864 praeda
1651 809 1743 858 fuit,

374 881 498 922 quam
518 865 683 913 Hanno,
698 864 1017 920 populabundus
1031 865 1181 920 passim
1198 879 1327 920 quum
1345 865 1452 914 isset,
1467 881 1520 906 ex
1540 866 1746 907 sociorum

373 923 516 979 populi
538 922 719 962 Romani
746 922 851 977 agris
873 930 1062 962 traxerat.
1123 921 1240 970 Inde,
1263 921 1434 962 deiectis
1458 922 1638 963 hostium
1659 938 1746 963 cas-

374 981 458 1028 tris,
482 980 771 1020 Beneventum
799 979 979 1019 reditum
1007 987 1079 1027 est,
1111 979 1388 1034 praedamque
1419 979 1477 1019 ibi
1501 981 1622 1021 ambo
1646 995 1746 1020 con-

374 1037 481 1077 sules
502 1037 616 1090 (nam
639 1044 679 1076 et
702 1037 783 1091 Ap.
806 1035 1006 1076 Claudius
1027 1051 1076 1076 eo
1097 1044 1190 1091 post
1213 1051 1364 1091 paucos
1385 1035 1473 1076 dies
1493 1037 1626 1091 venit)
1646 1052 1746 1078 ven-

373 1094 582 1142 diderunt,
609 1093 933 1148 diviseruntque.
996 1092 1051 1133 Et
1076 1093 1231 1141 donati,
1257 1107 1433 1147 quorum
1465 1108 1590 1148 opera
1616 1103 1748 1134 castra

374 1150 554 1191 hostium
580 1158 699 1205 capta
723 1158 864 1190 erant:
898 1157 992 1190 ante
1021 1148 1121 1189 alios
1152 1149 1370 1189 Accuaeus
1397 1149 1608 1205 Pelignus,
1630 1159 1672 1191 et
1693 1151 1743 1192 T.

375 1207 584 1248 Pedanius
618 1207 810 1262 princeps
844 1206 986 1246 tertiae
1027 1205 1211 1261 legionis.
1274 1205 1429 1246 Hanno
1461 1208 1511 1247 ab
1551 1206 1778 1248 Comini08

377 1264 533 1313 Cerito,
557 1280 640 1320 quo
661 1265 851 1304 nuntiata
871 1272 1094 1304 castrorum
1126 1262 1263 1303 clades
1284 1271 1357 1312 est,
1380 1278 1475 1303 cum
1500 1264 1642 1319 paucis
1662 1264 1747 1305 fru-

375 1323 682 1370 mentatoribus,
700 1337 804 1376 quos
819 1321 921 1361 forte
943 1335 1082 1361 secum
1099 1320 1310 1369 habuerat,
1328 1320 1448 1376 fugae
1466 1321 1606 1376 magis,
1622 1336 1747 1377 quam

375 1379 544 1428 itineris,
568 1379 691 1419 modo
712 1379 756 1418 in
787 1378 971 1418 Bruttios
992 1377 1124 1418 rediit.
1189 1377 1243 1417 Et
1274 1376 1492 1432 Campani,
1514 1378 1656 1419 audita
1675 1393 1748 1419 sua

375 1436 527 1491 pariter
539 1437 826 1491 sociorumque
845 1434 973 1484 clade,
992 1434 1147 1489 legatos
1168 1434 1220 1475 ad
1238 1434 1516 1475 Hannibalem
1534 1435 1746 1485 miserunt,

376 1493 449 1548 qui
479 1494 730 1541 nuntiarent,
755 1492 884 1532 ‘duos
915 1492 1102 1533 consules
1132 1491 1184 1532 ad
1216 1491 1505 1532 Beneventum
1537 1507 1635 1541 esse,
1663 1492 1749 1533 diei

378 1556 389 1573 ‘
407 1550 484 1590 iter
504 1565 528 1590 a
544 1549 711 1606 Capua3
745 1558 907 1589 tantum
923 1564 1007 1589 non
1028 1549 1080 1589 ad
1096 1557 1232 1604 portas
1248 1557 1290 1589 et
1311 1564 1448 1589 muros
1462 1549 1617 1590 bellum
1638 1564 1744 1590 esse:

378 1607 445 1646 ‘ni
475 1621 647 1662 propere
679 1606 905 1654 subveniat,
932 1605 1104 1646 celerius
1138 1605 1339 1660 Capuam,
1372 1621 1497 1661 quam
1528 1609 1677 1662 Arpos,
1704 1607 1749 1647 in

377 1669 389 1688 ‘
404 1672 650 1719 potestatem
690 1663 871 1703 hostium
902 1670 1129 1702 venturam.
1192 1662 1259 1702 Ne
1302 1663 1530 1703 Tarentum
1563 1663 1746 1718 quidem,

377 1726 489 1760 ‘non
519 1721 643 1761 modo
679 1735 827 1767 arcem,
860 1719 964 1760 tanti
999 1719 1148 1759 debere
1180 1734 1279 1767 esse,
1311 1728 1357 1759 ut
1390 1719 1591 1774 Capuam,
1624 1736 1781 1775 quam9

378 1784 389 1801 ⁶
408 1777 651 1833 Carthagini
685 1791 859 1832 aequare
896 1776 947 1816 sit
979 1775 1132 1825 solitus,
1167 1775 1371 1815 desertam
1407 1776 1748 1832 indefensamque

378 1834 558 1890 ‘populo
592 1835 782 1875 Romano
813 1833 970 1873 tradat.'
1030 1831 1254 1881 Hannibal,
1286 1847 1407 1872 curae
1438 1833 1515 1873 sibi
1544 1833 1630 1874 fore
1661 1848 1749 1874 rem

380 1891 636 1947 Campanam
658 1891 876 1946 pollicitus,
892 1890 934 1929 in
955 1889 1185 1945 praesentia
1198 1889 1281 1929 duo
1303 1888 1431 1929 millia
1444 1890 1632 1944 equitum
1652 1905 1749 1930 cum

376 1948 520 2004 legatis
550 1949 689 1998 mittit,
718 1962 801 2003 quo
832 1946 1037 2002 praesidio
1068 1961 1185 2001 agros
1214 1945 1550 2001 populationibus
1579 1956 1748 2002 possent

375 2006 605 2062 prohibere.

435 2062 634 2103 Romanis
663 2060 840 2109 interim,
863 2061 969 2101 sicut
996 2059 1167 2100 aliarum
1188 2074 1338 2108 rerum,
1360 2059 1461 2100 arcis
1483 2060 1748 2110 Tarentinae,

376 2120 666 2176 praesidiique,
689 2117 801 2173 quod
828 2118 885 2158 ibi
910 2117 1177 2166 obsideretur,
1200 2131 1298 2157 cura
1323 2131 1421 2157 esse.
1485 2118 1530 2157 C.
1553 2117 1749 2158 Servilius

378 2178 547 2232 legatus,
580 2191 632 2217 ex
663 2175 907 2215 auctoritate
939 2174 1109 2214 Patrum
1141 2189 1165 2213 a
1194 2173 1241 2214 P.
1261 2172 1456 2213 Cornelio
1486 2184 1673 2228 praetore
1703 2174 1748 2214 in

380 2234 588 2274 Etruriam
616 2232 665 2274 ad
694 2232 949 2271 frumentum
976 2230 1251 2271 coemendum
1278 2230 1435 2279 missus,
1466 2245 1561 2270 cum
1591 2230 1748 2286 aliquot

378 2291 549 2331 navibus
578 2290 734 2330 onustis
762 2289 806 2328 in
826 2296 991 2342 portum
1018 2287 1292 2327 Tarentinum
1316 2287 1425 2326 inter
1452 2287 1632 2328 hostium
1657 2303 1749 2328 cus-

380 2348 510 2389 todias
540 2346 742 2402 pervenit..
804 2344 936 2385 Cuius
967 2344 1159 2393 adventu,
1183 2344 1255 2398 qui
1286 2352 1394 2392 ante,
1416 2344 1460 2383 in
1490 2344 1641 2399 exigua
1661 2359 1746 2400 spe,

378 2405 511 2445 vocati
532 2418 651 2459 saepe
666 2402 718 2442 ad
740 2402 1021 2443 transitionem
1041 2402 1090 2442 ab
1104 2401 1289 2441 hostibus
1302 2416 1376 2455 per
1397 2401 1601 2456 colloquia
1617 2410 1746 2450 erant,

380 2462 486 2502 ultro
507 2461 558 2501 ad
573 2459 870 2501 transeundum
890 2459 1026 2499 hostes
1041 2458 1243 2499 vocabant
1263 2458 1629 2513 sollicitabantque.
1692 2457 1748 2499 Et

378 2528 466 2559 crat
492 2518 587 2559 satis
608 2516 789 2557 validum
819 2515 1081 2571 praesidium,
1105 2515 1304 2555 traductis
1328 2514 1381 2555 ad
1408 2529 1543 2555 arcem
1575 2515 1747 2555 Tarenti

380 2575 589 2624 tuendam,
608 2574 680 2629 qui
701 2573 937 2629 Metaponti
958 2582 1086 2622 crant,
1105 2572 1314 2613 militibus.
1362 2571 1508 2627 Itaque
1523 2571 1746 2627 Metapon-

421 2742 439 2767 8
457 2740 611 2778 Princeps
626 2740 737 2769 tertiae
749 2739 894 2776 legumus]
915 2737 942 2766 E
957 2736 1038 2775 prin·
1125 2745 1144 2775 9
1167 2737 1240 2766 Non
1258 2736 1343 2765 modo
1358 2735 1477 2771 arcem]
1498 2734 1537 2763 Id
1550 2736 1607 2770 est,
1617 2732 1746 2778 nedum,

379 2781 513 2818 eipibus,
536 2781 565 2809 h.
588 2791 614 2810 e.
638 2791 676 2809 ex
700 2790 807 2809 eorum
832 2779 970 2808 militum
994 2789 1039 2807 or·
1083 2778 1185 2806 inulto
1208 2776 1312 2805 minus
1334 2786 1450 2810 arcem,
1473 2780 1508 2805 ut
1526 2775 1594 2806 Cic.
1610 2774 1649 2804 de
1669 2774 1744 2806 Dlv.

379 2823 464 2859 dine,
475 2822 526 2860 qui
540 2823 702 2861 principes
718 2824 877 2851 vocantur.
900 2821 1038 2850 Smom.
1082 2818 1114 2849 ii.
1132 2827 1148 2857 5
1153 2826 1180 2857 5.
1197 2822 1228 2848 et
1244 2817 1368 2856 passim.
1393 2817 1484 2847 DUK.
