1877 3178
366 117 447 156 368
876 113 1023 156 TITI
1065 114 1241 156 LIVII

162 214 260 244 U.C.
283 222 354 254 543·
368 205 577 248 Metellus.
643 205 863 248 Servilium
900 207 1108 262 negabant
1143 206 1231 248 iure
1264 214 1335 248 aut
1365 207 1575 248 tribunum
1612 208 1774 264 plebis3

159 257 199 287 A.
223 257 261 288 C·
283 267 355 297 ²09·
367 264 504 313 fuisse,
526 272 598 305 aut
618 263 795 305 aedilem
817 279 928 312 esse3
962 264 1075 319 quod
1106 272 1265 319 patrem
1287 264 1388 313 eius,
1411 280 1535 320 quem
1557 266 1775 311 triumvi-4

367 336 459 363 rum
490 321 695 377 agrarium
726 321 907 362 occisum
930 336 953 361 a
976 321 1090 361 Boiis
1115 321 1223 362 circa
1244 320 1455 362 Mutinam
1487 337 1573 362 esse
1601 324 1742 378 opinio

367 394 444 434 per
463 378 608 420 decem
636 394 766 419 annos
786 378 932 427 fuerat,
955 378 1105 428 vivere,
1128 387 1252 434 atque
1274 378 1317 419 in
1338 378 1519 419 hostium
1541 388 1741 434 potestate
1757 396 1773 426 5

369 451 469 485 esse,
492 436 588 477 satis
609 436 833 476 constabat.

225 493 291 531 22.
426 493 664 534 Undecimo
681 508 790 534 anno
804 493 954 533 Punici
971 493 1068 534 belli
1082 493 1340 534 consulatum
1357 493 1541 534 inierunt
1555 492 1617 534 Μ.
1629 492 1745 534 Mar-

165 547 210 579 U·
227 549 264 578 C.
287 556 357 587 544·
371 550 498 592 cellus
519 551 711 606 quintum
733 551 799 606 (ut
820 559 1063 591 numeretur
1092 551 1340 599 consulatus,
1363 566 1488 606 quem
1509 550 1610 591 vitio
1631 565 1744 592 crea-

162 591 210 663 ffl·
224 591 357 663 gjaffg’
372 616 437 648 tus
466 623 552 649 non
581 607 726 663 gessit)
747 616 789 648 et
810 608 860 648 T.
881 608 1104 655 Quinctius
1129 608 1359 663 Crispinus.
1423 608 1623 663 Utrisque
1645 623 1744 648 con-

162 674 216 704 dio
233 675 274 705 V.
370 665 526 706 sulibus
541 664 661 706 Italia
676 665 842 706 decreta
862 665 1073 720 provincia
1094 673 1167 714 est,
1183 674 1224 706 et
1242 665 1325 706 duo
1345 665 1578 706 consulares
1599 665 1744 720 prioris

163 717 319 790 <23Qgin-
370 722 468 763 anni
502 722 732 763 exercitus:
769 722 933 777 (tertius
966 730 1054 763 tum
1089 732 1175 763 erat
1198 721 1421 771 Venusiae,
1451 723 1518 763 cui
1547 722 1608 762 M.
1628 722 1744 762 Mar-

162 770 345 833 ἷᾷἓνῑέῗῗῇ
370 779 497 821 cellus
527 780 779 835 praefuerat)
798 780 856 820 ita
882 789 928 820 ut
955 795 1007 820 ex
1037 780 1166 820 tribus
1191 779 1392 835 eligerent
1416 780 1512 829 duo,
1534 794 1638 835 quos
1658 779 1743 820 vel-

161 854 230 891 rpm
248 845 324 875 divi·
369 836 479 886 lent3
513 837 658 878 tertius
680 837 717 877 ei
739 837 983 886 traderetur,
1006 837 1073 877 cui
1094 837 1324 877 Tarentum
1347 846 1388 877 et
1412 836 1628 877 Sallentini
1649 851 1743 892 pro-

161 896 215 916 ⁵¹⁴‘·
367 895 504 935 vincia
519 894 732 935 evenisset.
777 894 952 934 Ceterae
970 894 1204 949 provinciae
1226 894 1284 934 ita
1299 894 1452 934 divisae
1473 894 1740 949 praetoribus.

368 950 415 992 P.
435 951 599 992 Licinio
616 950 728 992 Varo
745 951 913 999 urbana,
932 950 978 991 P.
999 951 1163 991 Licinio
1184 950 1332 992 Crasso
1354 951 1538 1007 pontifici
1562 951 1742 991 maximo

367 1008 596 1064 peregrina,
630 1017 673 1048 et
705 1023 788 1063 quo
823 1016 990 1048 senatus
1024 1008 1273 1049 censuisset:
1322 1007 1415 1049 Sex.
1440 1008 1548 1049 Iulio
1572 1008 1741 1049 Caesari

370 1065 522 1113 Sicilia,
550 1065 602 1113 Q.
624 1064 803 1105 Claudio
822 1064 997 1104 Flamini
1015 1064 1256 1105 Tarentum.
1318 1065 1590 1120 Prorogatum
1612 1065 1743 1120 impe-

367 1122 475 1163 rium
505 1123 548 1162 in
579 1137 733 1163 annum
766 1130 827 1162 est
858 1121 910 1168 Q.
934 1121 1080 1162 Fulvio
1108 1121 1267 1171 Flacco,
1300 1130 1346 1162 ut
1375 1122 1629 1178 provinciam
1660 1121 1742 1162 Ca-

367 1195 507 1235 puam,
530 1194 636 1235 quae
657 1179 707 1220 T.
728 1178 917 1227 Quinctii
947 1179 1146 1234 praetoris
1173 1179 1317 1228 fuerat,
1341 1194 1434 1219 cum
1467 1194 1550 1219 una
1578 1178 1740 1233 legione

367 1237 597 1278 obtineret:
636 1245 902 1292 prorogatum
933 1245 975 1276 et
1006 1235 1055 1276 C.
1076 1235 1258 1277 Hostilio
1289 1235 1457 1277 Tubulo
1488 1245 1560 1284 est,
1593 1244 1640 1276 ut
1668 1251 1742 1291 pro

367 1303 555 1350 praetore
587 1294 629 1334 in
653 1293 862 1334 Etruriam
890 1293 943 1334 ad
968 1293 1069 1334 duas
1099 1293 1282 1349 legiones
1313 1293 1553 1334 succederet
1577 1292 1626 1334 C.
1645 1292 1743 1334 Cal-

368 1352 541 1407 purnio:
574 1360 838 1407 prorogatum
861 1362 902 1391 et
925 1350 972 1391 L.
993 1350 1169 1391 Veturio
1183 1350 1351 1391 Philoni
1372 1359 1445 1399 est,
1463 1358 1510 1391 ut
1530 1366 1604 1406 pro
1625 1365 1743 1406 prae-

369 1418 456 1450 tore
488 1408 667 1450 Galliam
699 1408 875 1449 eandem
905 1408 1160 1463 provinciam
1191 1423 1286 1448 cum
1319 1408 1465 1448 iisdem
1496 1408 1655 1448 duabus
1685 1407 1742 1449 le-

367 1466 559 1521 gionibus
590 1466 809 1515 obtineret,
842 1466 994 1521 quibus
1025 1474 1190 1521 praetor
1219 1465 1475 1506 obtinuisset.
1542 1464 1668 1513 Quod
1699 1465 1742 1505 in

368 1523 417 1563 L.
437 1523 626 1572 Veturio,
658 1523 769 1564 idem
802 1523 844 1563 in
870 1522 918 1563 C.
937 1522 1225 1563 Aurunculeio
1257 1523 1471 1563 decretum
1502 1523 1552 1563 ab
1583 1530 1742 1571 senatu,

368 1580 580 1635 latumque
603 1581 655 1621 de.
677 1580 936 1636 prorogando
959 1580 1131 1635 imperio
1153 1580 1205 1620 ad
1226 1580 1426 1635 populum
1443 1588 1517 1628 est,
1534 1579 1605 1635 qui
1626 1594 1744 1635 prae-

370 1645 433 1678 tor
456 1637 687 1678 Sardiniam
718 1637 971 1693 provinciam
994 1652 1089 1677 cum
1111 1637 1271 1677 duabus
1301 1637 1533 1692 legionibus
1554 1637 1745 1677 obtinue-

367 1703 441 1736 rat.
504 1694 686 1735 Additae
723 1695 761 1734 ei
797 1694 849 1734 ad
883 1694 1134 1749 praesidium
1170 1695 1405 1749 provinciae
1439 1693 1775 1749 quinquaginta6

368 1767 505 1801 naveS,
528 1766 630 1807 quas
650 1751 697 1792 P.
718 1750 857 1806 Scipio
878 1765 930 1791 ex
948 1750 1153 1806 Hispania
1173 1751 1359 1791 misisset.
1408 1751 1463 1791 Et
1480 1751 1528 1791 P..
1545 1747 1742 1806 Scipioni,
1759 1767 1774 1799 7

367 1817 410 1850 et
437 1809 498 1850 M.
525 1808 665 1850 Silano
695 1823 791 1848 suae
824 1807 1065 1862 Hispaniae,
1097 1807 1243 1862 suique
1276 1808 1482 1848 exereitus
1512 1808 1555 1847 in
1587 1822 1742 1847 annum

367 1866 536 1907 decreti.
601 1865 739 1921 Scipio
767 1880 820 1905 ex
848 1865 1057 1919 octoginta
1087 1865 1271 1913 navibus,
1297 1879 1398 1919 quas
1428 1872 1500 1904 aut
1529 1879 1668 1904 secum
1690 1879 1742 1904 ex

368 1923 489 1964 Italia
524 1923 722 1964 adductas
754 1931 824 1962 aut
857 1931 994 1977 captas
1028 1921 1283 1976 Carthagine
1315 1922 1504 1970 habebat,
1537 1921 1743 1976 quinqua-

366 1981 484 2036 ginta
515 1980 558 2021 in
595 1979 826 2020 Sardiniam
863 1979 1140 2020 transmittere
1174 1979 1331 2019 iussus:
1368 1978 1465 2033 quia
1498 1977 1608 2018 fama
1642 1987 1742 2027 erat,

367 2052 564 2093 magnum
605 2037 793 2077 navalem
830 2044 1071 2091 apparatum
1108 2051 1157 2076 eo
1193 2051 1302 2075 anno
1338 2034 1592 2089 Carthagine
1628 2049 1741 2084 esse3

367 2094 559 2135 ducentis
589 2094 762 2134 navibus
789 2108 955 2133 omnem
977 2108 1090 2133 oram
1112 2092 1270 2142 Italiae,
1297 2092 1558 2147 Siciliaeque,
1581 2106 1627 2132 ac
1652 2092 1744 2133 Sar-

368 2152 505 2193 diniae
531 2151 782 2207 impleturos.
847 2150 902 2191 Et
929 2150 972 2190 in
1001 2149 1141 2190 Sicilia
1170 2150 1229 2190 ita
1255 2150 1387 2190 divisa
1416 2164 1480 2189 res
1511 2157 1582 2189 est.
1647 2148 1741 2190 Sex.

411 2305 427 2336 3
452 2297 621 2327 Servilium
643 2296 804 2335 ‘negabant
819 2296 891 2326 iure
906 2299 963 2325 aut
980 2296 1034 2325 trz'-
1079 2305 1184 2324 rorum
1203 2298 1332 2334 propter
1347 2295 1395 2325 ius
1412 2294 1632 2334 postliminii.”

369 2340 489 2369 {amum
502 2339 796 2377 plebisfui.s·se,‹1ut
808 2339 937 2368 aedilem
951 2338 1032 2374 esse]
1122 2336 1140 2367 6
1164 2339 1301 2368 Additae
1319 2339 1347 2368 ei
1363 2339 1406 2367 ad
1423 2339 1638 2377 praesidium]
1665 2337 1744 2368 Gro-

370 2381 458 2417 Quia
484 2390 611 2419 nempe,
637 2384 672 2409 ut
702 2380 852 2409 discimus
882 2391 919 2409 ex
946 2379 1036 2409 Livio
1080 2379 1191 2409 novius
1207 2381 1347 2410 additum
1363 2382 1391 2410 ei
1407 2385 1437 2410 et
1454 2381 1650 2419 praesidium
1674 2391 1744 2419 pro-

370 2434 445 2454 xxx.
474 2433 520 2463 19.
544 2423 693 2453 vetabant
721 2423 805 2461 leges
831 2432 1035 2460 quemquam,
1080 2424 1203 2452 vinc-iae
1218 2424 1452 2462 quinqua-qima
1473 2433 1581 2459 naves,
1597 2423 1744 2452 emenda-

370 2470 460 2505 patre
486 2465 539 2504 qui
566 2465 668 2495 curuli
695 2465 775 2494 sella
798 2464 928 2494 sedisset
954 2463 1036 2501 vivo,
1081 2464 1136 2502 vit,
1153 2475 1245 2503 quem
1264 2465 1403 2495 Bekker.
1420 2468 1546 2494 secutus
1561 2468 1616 2495 est.

369 2512 425 2537 aut
440 2507 615 2545 tribunum,
625 2511 681 2537 aut
692 2507 828 2537 aedilem
845 2507 946 2545 plebis
959 2517 1033 2536 esse.
1129 2514 1144 2546 7
1172 2509 1216 2537 Et
1238 2508 1278 2537 P.
1299 2508 1456 2546 Scipioni]
1504 2507 1596 2546 Supr.
1623 2513 1649 2545 7.
1679 2506 1743 2537 Sci-

369 2551 475 2581 CREV.
1080 2548 1166 2588 pioni
1178 2549 1350 2588 Silanoque
1361 2552 1562 2588 prorogatum
1573 2548 1742 2587 imperium

413 2604 431 2630 4
456 2594 552 2629 Quem
569 2593 773 2623 triumvirum
788 2592 970 2630 (tyrai-ium]
995 2591 1034 2621 cf.
1080 2591 1206 2628 dicitur,
1222 2602 1285 2621 non
1306 2591 1338 2620 in
1361 2601 1493 2625 annum,
1509 2591 1562 2621 sed
1579 2591 1680 2620 donee
1698 2601 1743 2620 re-

371 2634 463 2672 Supr.
480 2635 544 2664 xxi.
562 2643 611 2673 25.
1082 2634 1182 2663 vocati
1199 2634 1239 2663 ab
1254 2637 1365 2663 senatu
1380 2633 1493 2663 forent.
1538 2633 1637 2668 Quod
1657 2633 1681 2662 si
1700 2633 1745 2662 ita

415 2684 431 2714 5
456 2678 498 2705 In
523 2678 657 2706 hostium
685 2677 853 2715 potestate]
891 2676 929 2706 cf.
955 2676 1034 2706 Inst.
1079 2680 1136 2710 est,
1152 2676 1230 2705 nihil
1248 2686 1327 2715 opus
1343 2675 1402 2705 fuit
1418 2685 1501 2705 nunc
1517 2675 1562 2705 eis
1577 2675 1608 2704 in
1624 2684 1742 2705 annum

373 2717 446 2746 Gaii
462 2718 481 2747 i.
498 2718 514 2753 ἓ
536 2728 603 2758 ¹²9·
619 2720 639 2733 “
654 2718 685 2748 Si
701 2719 741 2747 ab
762 2718 904 2748 hostibus
924 2722 1036 2757 captus
1079 2728 1150 2748 suas
1168 2718 1342 2757 Hispanias
1364 2727 1499 2756 suosque
1519 2716 1676 2748 exereitus
1690 2716 1741 2745 de-

373 2758 467 2787 fuerit
484 2769 608 2797 parens,
623 2760 769 2798 quamvis
784 2771 891 2790 servus
908 2760 1034 2789 interim
1080 2760 1174 2791 cerni.
1198 2761 1303 2791 CREV.

374 2799 509 2829 hostium
532 2801 598 2834 fiat,
617 2806 724 2831 tamen
749 2803 866 2840 pendet
889 2802 937 2831 ius
960 2802 1034 2831 libe—
