1877 3178
364 114 448 155 374
873 112 1022 154 ΤΙΤΙ
1063 112 1238 154 LIVII

158 205 202 236 U·
220 205 258 260 C
281 213 352 250 544-
366 217 492 243 unam
514 202 704 243 traditam
726 202 857 251 fama3
891 202 1061 243 alteram
1089 203 1282 258 scriptam
1307 201 1543 242 laudatione
1564 201 1652 249 filii,
1675 201 1747 256 qui
1764 220 1776 240 1

157 248 197 278 A·
221 248 258 278 C·
282 250 352 278 ²⁰³·
366 259 427 300 rei
451 268 590 314 gestae
617 260 876 308 interfuerit3
910 260 1088 309 tertiam,
1111 275 1237 315 quam
1267 259 1353 314 ipse
1378 273 1454 314 pro
1479 258 1676 313 inquisita
1700 273 1747 298 ac

367 316 444 356 sibi
475 326 686 372 comperta
715 317 844 357 affert.
910 316 1110 357 Ceterum
1137 317 1196 356 ita
1224 316 1334 356 fama
1362 315 1503 364 variat,
1532 323 1579 355 ut
1608 323 1749 355 tamen

367 373 556 428 plerique
578 373 657 414 loci
679 373 919 428 speculandi
941 389 1063 415 eausa
1086 374 1228 414 eastris
1255 387 1489 428 egressum3
1522 386 1665 412 omnes
1685 372 1749 412 in-

368 430 483 470 sidiis
503 430 833 471 circumventum
854 430 1029 472 tradant.

427 486 654 536 Hannibal,
692 503 890 543 inagnum
926 497 1124 529 terrorem
1160 488 1359 536 hostibus,
1396 493 1528 526 morte
1570 484 1750 525 consulis

369 543 505 593 unius,
527 543 697 584 vulnere
727 545 906 593 alterius,
929 545 1131 586 iniectum
1159 560 1246 585 esse
1274 553 1398 593 ratuS,
1421 558 1473 583 ne
1499 542 1567 583 cui
1588 541 1750 582 deesset

369 601 587 650 occasioni,
610 610 743 641 castra
774 602 818 641 in
853 602 1072 651 tumulum,
1094 602 1139 642 in
1172 617 1255 656 quo
1288 609 1521 657 pugnatum
1549 608 1648 648 erat,
1677 613 1751 639 ex-

370 657 527 712 templo
561 658 762 698 transfert.
827 658 893 699 Ibi
928 659 1145 699 inventum
1178 658 1369 699 Marcelli
1405 671 1553 712 corpus
1588 655 1747 711 sepelit.

372 713 603 769 Crispinus,
622 722 663 755 et
684 724 815 755 morte
837 715 1033 770 collegae,
1052 725 1093 756 et
1110 731 1183 756 suo
1200 716 1369 756 vulnere
1387 715 1566 762 territus,
1584 712 1750 753 silentio

369 771 627 826 insequentis
647 772 781 812 noctis
802 772 1023 827 profectus,
1041 788 1145 828 quos
1162 773 1371 828 proximos
1391 781 1537 811 nactus
1553 780 1615 810 est
1631 784 1750 810 mon-

370 837 443 876 tes,
466 828 510 867 in
531 828 580 867 iis
601 827 691 868 loco
713 828 795 869 alto
821 837 863 869 et
887 838 978 869 tuto
1004 830 1190 885 undique
1213 838 1344 870 castra
1367 828 1516 884 posuit.
1578 826 1643 867 Ibi
1665 826 1749 867 duo

369 884 497 924 duces
532 886 733 939 sagaciter
764 886 866 926 moti
896 895 1005 934 sunt,
1038 887 1141 927 alter
1175 887 1228 927 ad
1258 885 1532 933 inferendam,
1564 884 1668 925 alter
1697 883 1751 924 ad

369 941 597 981 cavendam
620 941 821 982 fraudem.
887 942 1059 984 Annulo
1081 943 1273 984 Marcelli
1304 942 1425 983 simul
1454 956 1550 982 cum
1578 955 1749 996 corpore

371 997 585 1037 Hannibal
624 998 779 1052 potitus
820 1008 918 1040 erat.
982 999 1084 1040 Eius
1119 1000 1225 1055 signi
1261 1015 1397 1040 errore
1438 1014 1491 1039 ne
1528 998 1595 1038 eui
1631 997 1752 1038 dolus

368 1062 605 1093 necteretur
646 1069 670 1094 a
709 1055 866 1105 Poeno,
908 1063 1100 1096 metuens
1142 1057 1373 1111 Crispinus,
1414 1056 1523 1096 circa
1563 1055 1751 1095 civitates

368 1110 578 1165 proximas
608 1111 775 1151 miserat
802 1112 996 1153 nuntios:
1041 1113 1222 1153 occisum
1255 1113 1456 1167 collegam
1489 1126 1589 1160 esse,
1618 1126 1752 1151 annu-

368 1167 493 1222 loque
527 1167 615 1207 eius
647 1168 810 1208 hostem
842 1169 1048 1224 potitum:
1093 1185 1145 1209 ne
1187 1170 1339 1224 quibus
1372 1169 1500 1209 literis
1533 1168 1752 1208 crederent

368 1224 538 1264 nomine
561 1224 752 1265 Marcelli
774 1226 1021 1281 compositis.
1085 1226 1233 1266 Paullo
1254 1235 1349 1267 ante
1371 1226 1439 1266 hic
1461 1225 1632 1265 nuntius
1653 1239 1753 1265 con-

369 1280 469 1321 sulis
498 1280 704 1336 Salapiam
729 1292 912 1332 venerat,
936 1298 1065 1338 quum
1094 1283 1236 1324 literae
1266 1284 1317 1323 ab
1340 1282 1578 1323 Hannibale
1607 1281 1752 1322 allatae

162 1342 331 1395 Hannibal
369 1346 479 1387 sunt,
504 1337 694 1379 Marcelli
723 1340 893 1380 nomine
921 1341 1199 1395 compositae:
1236 1346 1247 1364 ‘
1266 1340 1318 1381 Se
1345 1349 1480 1389 nocte,
1504 1354 1610 1394 quae
1639 1338 1752 1379 diem

162 1385 334 1456 3ῗᾶξῆξῇ
372 1394 516 1434 ‘illum
548 1404 741 1436 secutura
770 1405 889 1445 esset,
923 1396 1128 1452 Salapiam
1156 1406 1405 1438 venturum:
1439 1396 1571 1452 parati
1602 1395 1784 1436 militesz

162 1437 547 1500 -Is'netfffifide‘essent,
570 1453 643 1506 qui
674 1453 717 1492 in
748 1453 955 1508 praesidio
987 1463 1116 1503 erant,
1143 1455 1176 1494 si
1204 1470 1289 1509 quo
1320 1469 1445 1509 opera
1475 1468 1618 1494 eorum
1649 1467 1753 1507 opus

163 1514 285 1550 captus.
372 1514 383 1531 ‘
399 1509 530 1548 esset.'
592 1509 766 1550 Sensere
791 1510 1016 1566 Salapitani
1038 1511 1248 1551 fraudem:
1277 1520 1319 1551 et
1340 1512 1391 1551 ab
1413 1511 1485 1559 ira,
1508 1525 1593 1550 non
1615 1510 1753 1550 defec-

372 1565 495 1605 tionis
525 1566 663 1614 modo,
692 1567 765 1606 sed
795 1568 920 1607 etiam
951 1568 1142 1622 equitum
1173 1568 1498 1616 interfectorum,
1527 1567 1606 1607 rati
1636 1581 1755 1607 occa-

370 1622 528 1662 sionem
550 1622 740 1677 supplicii
763 1624 862 1679 peti,
886 1625 1055 1665 remisso
1080 1635 1189 1665 retro
1215 1626 1376 1675 nuntio,
1399 1625 1593 1680 (perfuga
1613 1632 1753 1664 autem

222 485 289 522 28.

370 1744 596 1775 animadvertit
628 1746 822 1781 Perizonius,
848 1746 901 1784 qui
933 1757 1038 1776 emen-

370 1788 509 1817 dandam
536 1791 627 1826 putat
646 1790 757 1819 seriem
781 1798 838 1826 pro
858 1799 934 1818 voce
956 1790 1038 1818 ordi-

371 1840 450 1860 nem.
496 1830 635 1860 Crevier.
656 1829 692 1859 τὸ
711 1832 861 1860 traditam
884 1831 925 1860 ad
949 1841 1038 1860 voces

370 1882 451 1909 quae
479 1882 687 1910 praecessere,
710 1882 827 1910 nempe
850 1873 896 1903 rei
920 1877 1038 1911 {ses-tae,

370 1914 536 1951 referebat,
564 1914 597 1944 id
627 1915 713 1953 quod
749 1914 821 1944 aliis
851 1914 1041 1945 doctissimis

370 1956 502 1993 placuit.

411 2007 421 2026 1
438 1999 726 2036 Laudationefilz'z']
737 1998 881 2028 Obscura
892 2003 939 2028 est
945 2008 1039 2037 quae-

369 2039 440 2074 stio,
462 2043 569 2069 utrum
594 2040 736 2070 laudatio
760 2042 917 2078 quaedam
943 2040 1041 2079 patris

369 2092 388 2110 a
412 2081 488 2117 lilio,
503 2092 543 2111 an
562 2081 617 2111 filii
637 2092 656 2112 a
672 2082 783 2121 quovis
799 2086 933 2121 cognato
955 2082 1039 2112 dieta

369 2123 421 2153 hic
452 2123 661 2162 intelligatur,
691 2134 789 2163 quum
822 2125 1040 2154 laudatoribus

370 2165 426 2195 filii
447 2166 618 2204 proclivius
634 2170 715 2196 esset
731 2167 918 2196 memoriam
934 2177 1039 2196 rerum

367 2212 526 2245 gestarum
544 2208 665 2245 vitiare,
681 2209 864 2246 fanmmque
882 2209 1039 2238 honorum

367 2250 500 2279 fallente
516 2250 683 2280 mendacio
699 2250 863 2289 aucupari.
890 2251 929 2281 cf.
941 2251 1038 2282 Creu-

367 2302 427 2322 zer.
446 2292 487 2321 R.
505 2293 581 2322 Ant.
599 2292 615 2329 ἓ
634 2293 703 2331 298.

416 2344 432 2363 2
460 2335 579 2363 Parati
609 2335 723 2364 milites
751 2335 870 2371 essent]
918 2334 1038 2365 Carent

368 2376 471 2414 prima
495 2386 570 2406 voce
593 2375 713 2414 scripti.
736 2379 805 2405 tum
830 2376 1037 2414 Gronoviani,

367 2422 436 2447 tum
453 2417 560 2448 nostri.
610 2418 673 2448 Sed
690 2417 771 2447 nulli
788 2418 901 2456 codici,
918 2428 957 2448 ne
973 2419 1035 2448 exi-

368 2460 431 2490 mio
458 2460 587 2498 quidem
614 2459 661 2490 illi
687 2460 884 2495 Puteanaeo,
910 2464 1036 2490 tantum

367 2502 547 2539 tribuimus,
562 2505 597 2532 ut
614 2501 656 2531 ibi
673 2501 780 2531 statim
799 2503 953 2532 mendum
969 2512 1036 2533 esse

367 2544 598 2580 existimemus,
614 2543 667 2573 ubi
690 2543 738 2573 illi
762 2544 915 2574 dissident
935 2556 954 2574 a
971 2545 1036 2574 vul-

365 2586 446 2623 gatis
460 2597 466 2616 :
497 2585 682 2624 praesertim
699 2585 723 2615 si
740 2586 821 2616 ratio
837 2586 967 2616 evidens
982 2597 1036 2625 ap-

368 2631 477 2664 pareat
499 2638 554 2657 cur
576 2637 646 2657 eam
664 2638 745 2666 quae
768 2632 895 2667 recepta
913 2632 960 2658 est
976 2629 1037 2658 lee-

366 2668 484 2698 tionem
513 2673 680 2700 tueamur:
717 2673 753 2699 ut
783 2670 843 2700 hoc
874 2671 956 2707 loco,
983 2670 1036 2700 ubi

365 2719 474 2739 sensus
488 2711 618 2741 omnino
643 2711 764 2750 flagitat
781 2722 890 2742 vocem
910 2714 1032 2751 parati.

366 2750 546 2781 Gronovius
575 2763 613 2782 ea
638 2753 752 2783 omissa
782 2754 960 2792 suspicatur
990 2755 1032 2784 le-

363 2793 502 2829 gendum
524 2794 632 2830 missiles
654 2800 767 2831 essent,
790 2795 821 2825 id
846 2799 903 2831 est,
926 2796 1032 2834 vigila-

364 2837 445 2870 rent,
461 2833 574 2863 iutenti
596 2839 709 2866 essent.
757 2837 890 2871 Quanto
911 2837 1031 2877 simpli-

1084 1747 1158 1784 cior,
1174 1748 1289 1785 aptior,
1305 1748 1418 1778 clarior
1439 1748 1478 1777 sit
1495 1748 1623 1786 vulgata
1646 1747 1754 1785 lectio,

1083 1789 1153 1827 quis
1179 1800 1241 1819 non
1268 1790 1377 1819 statim
1402 1790 1512 1820 videt?
1550 1791 1589 1819 In
1617 1800 1654 1819 ea
1680 1799 1753 1828 ergo

1082 1831 1332 1869 acquiescamus,
1359 1842 1410 1868 ne,
1437 1832 1460 1860 si
1489 1832 1586 1861 semel
1613 1832 1699 1860 clara
1721 1834 1754 1861 et

1082 1877 1194 1911 aperta
1209 1877 1333 1903 tentare
1349 1874 1453 1903 conati
1470 1873 1632 1909 fueiimus,
1645 1873 1753 1903 statim

1084 1919 1180 1953 atque
1196 1915 1319 1953 aliquot
1336 1925 1401 1945 Mss.
1418 1915 1450 1944 111
1467 1915 1530 1945 alia
1546 1916 1676 1951 abeunt,
1687 1925 1753 1944 om-

1084 1957 1138 1986 nia
1160 1957 1223 1987 iam
1247 1958 1368 1987 incerta
1390 1958 1477 1987 fiant.
1522 1957 1574 1987 Sic
1598 1957 1658 1986 hoc
1682 1957 1753 1996 ipso

1085 1999 1201 2037 capite,
1221 2000 1331 2038 paullo
1354 1999 1509 2038 superius,
1531 1999 1585 2028 uhi
1610 1999 1754 2038 vulgares

1086 2041 1156 2070 libri
1172 2041 1291 2071 habent
1303 2043 1384 2072 alter
1396 2043 1437 2071 ad
1449 2042 1660 2081 infiwwndmm
1672 2042 1754 2072 alter

1084 2084 1126 2113 (ιιί
1147 2084 1319 2113 cavendam
1334 2085 1511 2121 frtmslem;
1540 2084 1753 2120 Puteanaeus,

1083 2127 1165 2155 aller
1180 2127 1222 2155 ad
1237 2127 1268 2154 in
1266 2127 1438 2164 jeremiam
1449 2127 1615 2164 fraudem,
1630 2125 1754 2156 omissis

1084 2167 1206 2197 mediis.
1242 2168 1334 2206 Supr.
1352 2178 1397 2204 14.
1415 2169 1547 2198 mutilus
1562 2177 1689 2206 quoque
1705 2173 1753 2198 est

1083 2209 1168 2238 idem
1186 2210 1298 2245 eodm,
1315 2214 1346 2239 et
1361 2210 1393 2239 in
1410 2210 1469 2240 hae
1488 2209 1682 2239 Hannibalis
1698 2220 1752 2240 no-

1083 2251 1172 2280 tabili
1204 2252 1243 2281 de
1274 2252 1432 2281 Marcello
1462 2262 1551 2289 voce,
1579 2263 1635 2282 seu
1665 2253 1752 2289 vicit,

1076 2294 1229 2331 ferociter
1249 2295 1347 2323 instat
1369 2296 1482 2329 victis,·
1506 2305 1562 2325 seu
1577 2295 1680 2324 victus
1695 2298 1752 2332 est,

1081 2337 1244 2365 instaurat
1273 2346 1344 2365 cum
1382 2337 1551 2367 victoribus
1580 2341 1751 2373 certamen,

1082 2378 1218 2407 transilit
1238 2377 1277 2406 τὰ
1298 2379 1385 2408 victis
1407 2389 1473 2409 seu.
1519 2379 1562 2408 Et
1585 2378 1661 2408 alibi
1685 2388 1751 2407 sae-

1082 2419 1153 2458 pius
1182 2420 1263 2449 tales
1291 2420 1433 2450 defectus
1462 2421 1494 2449 111
1521 2420 1644 2459 optimo
1670 2420 1751 2449 libro

1080 2462 1313 2492 annotavimus.
1352 2462 1530 2492 Statuimus
1544 2462 1653 2500 itaque
1668 2462 1750 2491 mul-

1081 2507 1150 2533 tum
1171 2504 1373 2533 tribuendum
1399 2514 1465 2534 esse
1488 2504 1612 2543 scriptis
1635 2503 1750 2533 codici-

1082 2546 1151 2579 bus„
1164 2545 1347 2584 praesertim
1364 2545 1388 2575 51
1404 2546 1466 2576 sint
1482 2546 1680 2576 venerandae
1695 2556 1749 2575 an—

1082 2587 1258 2626 tiquitatis:
1290 2588 1344 2617 sed
1368 2588 1413 2618 ita
1438 2592 1558 2623 tamen,
1583 2592 1618 2617 ut
1641 2587 1750 2618 sensns

1082 2639 1208 2668 quoque
1223 2629 1302 2659 ratio
1318 2630 1483 2660 habeatur.
1522 2630 1565 2659 Et
1580 2629 1635 2659 ubi
1651 2630 1750 2668 proba

1082 2672 1177 2701 lectio
1204 2671 1350 2707 occurrit,
1374 2671 1425 2701 cui
1450 2671 1547 2701 nostri
1570 2681 1636 2702 mss.
1656 2681 1746 2709 repu-

1076 2717 1186 2752 gnent,
1203 2714 1397 2743 credendum
1414 2717 1459 2743 est
1477 2714 1595 2752 priores
1611 2713 1747 2743 editores

1077 2755 1212 2785 aliorum
1243 2755 1388 2785 codicum
1425 2755 1550 2793 copiam
1588 2753 1747 2791 habuisse,

1080 2807 1119 2827 ex
1135 2797 1249 2836 quibus
1265 2807 1335 2827 eam
1351 2797 1523 2836 hauserint.
1548 2797 1652 2827 CREv.
