1871 3178
486 115 607 157 LIB.
643 115 807 156 XXIV.
853 115 995 156 CAI‘.
1029 121 1094 157 49.
1395 123 1471 160 227

107 204 326 259 ‘magister
362 205 419 245 rei
456 206 639 247 militaris
675 215 914 247 remaneret.
981 206 1144 246 Rudem
1183 206 1232 246 ad
1270 208 1583 261 pedestriatuc.
1607 230 1676 259 53¹)-

107 261 239 302 ‘bclla
281 261 553 304 Numidarum
593 274 757 317 gentem
796 278 894 311 esse,
931 263 1048 318 equis
1079 272 1237 303 tantuin
1281 263 1522 331 habilemdll:
1547 264 1676 332 ‘'j-'¹³5

106 323 117 342 ‘
134 317 198 358 Ita
219 319 298 359 iam
322 320 416 360 inde
439 337 462 360 a
483 321 691 376 principiis
711 321 844 375 gentis
866 320 1037 360 maiores
1053 335 1145 360 suos
1162 320 1266 361 bella
1286 323 1467 375 gessisse,
1482 315 1667 375 (·[l1¹1¹1i¹?l‘tl¹¹111'1¹5i.(2

77 375 189 416 1‘ita
223 391 264 417 se
301 393 324 417 a
359 378 495 432 pneris
531 378 722 418 insuetos.
793 377 875 418 Sed
911 377 1059 418 habere
1097 377 1255 418 hostem
1291 379 1466 433 pedestri
1484 393 1533 416 ιιι-ι
1548 389 1677 434 mimm-

105 433 328 474 ‘fidentem
362 434 524 476 Marte:
562 435 627 475 eui
663 436 694 475 si
727 434 892 490 aequari
929 435 1073 475 robore
1106 435 1252 475 virium
1286 436 1395 485 velit,
1430 436 1641 477 et¹¹¹²¹⁴²¹⁵¹⁰¹³

105 490 207 530 ‘sibi
236 492 395 546 pedites
422 492 717 547 comparandos
745 507 857 539 esse;
891 501 932 532 et
959 492 1011 532 ad
1042 492 1083 532 id
1112 492 1376 533 multitudine
1398 494 1471 534 ho-

105 547 292 588 ‘minum
325 564 495 603 regnum
527 549 760 589 abundare:
795 549 867 589 sed
897 549 1096 599 armandi,
1129 550 1399 605 ornandique,
1432 561 1471 591 et

105 604 360 646 ‘instruendi
393 622 461 646 eos
491 616 618 647 artem
650 607 848 661 ignorare.
913 607 1079 655 Omnia,
1102 607 1213 647 velut
1241 608 1342 648 forte
1374 624 1472 649 con-

73 667 299 717 &gregata
331 664 460 712 turba,
493 673 602 704 vasta
632 678 678 703 ac
710 664 925 704 temeraria
955 665 1067 704 esse.’
1128 664 1320 705 facturos
1355 680 1396 705 se
1429 667 1470 705 in

103 715 343 774 praesentia,
367 720 478 775 quod
504 719 637 769 vellet,
664 720 786 775 legati
818 721 1143 776 responderimt:
1179 722 1258 762 lide
1290 733 1469 778 accepta,

102 785 148 816 ut
176 777 401 817 remitteret
431 777 639 833 extemplo
670 793 778 826 eum,
802 778 833 817 si
864 779 1128 834 imperatores
1156 780 1215 819 sui
1246 795 1329 819 non
1360 795 1471 820 com-

101 834 339 888 probassent
358 834 523 874 factum.
589 834 641 882 Q.
664 836 841 876 Statorio
866 851 1017 877 nomen
1039 836 1129 884 fuit,
1152 837 1223 892 qui
1252 837 1303 877 ad
1331 852 1470 891 regem

100 891 306 931 remansit.
371 891 480 931 Cum
502 891 663 932 duobus
686 893 886 933 Romanis
914 893 1081 949 reliquis
1103 893 1289 934 Numida
1316 892 1470 949 legatos

100 946 144 987 in
167 946 411 1003 Hispaniam
433 949 542 990 misit
563 949 615 990 ad
636 950 917 1005 accipiendam
939 950 1064 991 fidem
1086 952 1136 992 ab
1158 951 1470 1007 imperatoribus

102 1003 314 1046 Romanis.
376 1006 528 1047 Iisdem
572 1007 794 1057 mandavit,
833 1017 879 1048 ut
920 1008 1106 1064 protinus
1143 1008 1359 1058 Numidas,
1397 1010 1467 1064 qui

99 1061 206 1102 intra
254 1063 456 1118 praesidia
504 1064 908 1120 Carthaginiensium
960 1066 1176 1106 auxiliares
1225 1076 1370 1115 essent,
1417 1066 1468 1106 ad

100 1119 382 1161 transitionem
405 1120 656 1176 pellicerent.
720 1122 773 1162 Et
797 1122 996 1162 Statorius
1018 1138 1069 1163 ex
1098 1123 1226 1163 multa
1254 1124 1467 1164 iuventute

99 1177 186 1231 regi
207 1177 365 1232 pedites
386 1179 649 1234 conseripsit:
684 1179 973 1234 ordinatosque
996 1180 1181 1234 proxime
1203 1195 1358 1221 morem
1383 1180 1468 1221 Ro-

70 1247 281 1282 3nianum,
305 1235 546 1275 instruendo
577 1245 618 1275 et
648 1236 904 1276 decurrendo
936 1237 1051 1291 signa
1080 1237 1208 1292 sequi,
1238 1247 1279 1277 et
1309 1253 1466 1278 servare

69 1289 264 1333 401·dines
295 1291 459 1332 docuit:
494 1301 535 1332 ct
565 1293 677 1347 operi
708 1292 879 1347 aliisque
911 1293 1025 1333 iustis
1054 1294 1295 1334 militaribus
1323 1295 1378 1334 ita
1405 1310 1468 1335 as-

99 1347 282 1397 suefecit,
300 1357 346 1388 ut
366 1348 478 1389 brevi
499 1364 571 1389 rex
593 1365 677 1390 non
697 1350 826 1405 equiti
848 1351 975 1403 magis
993 1350 1148 1399 fideret,
1167 1367 1289 1406 quam
1311 1352 1464 1406 pediti3

101 1404 340 1459 collatisque
372 1421 503 1461 aequo
534 1422 677 1462 campo
708 1407 845 1461 signis,
879 1404 985 1448 iusto
1016 1408 1171 1463 proelio
1207 1408 1467 1463 Carthagini-

101 1476 241 1502 ensem
275 1462 434 1503 hostem
467 1472 686 1519 superaret.
750 1464 949 1505 Romanis
983 1480 1149 1520 quoque
1186 1465 1227 1505 in
1265 1465 1468 1521 Hispania

100 1518 327 1573 legatorum
344 1520 449 1575 regis
465 1520 664 1561 adventus
682 1536 830 1576 magno
843 1521 1122 1562 emolumento
1138 1522 1225 1562 fuit.
1272 1522 1466 1578 Namque

101 1576 153 1616 ad
174 1576 322 1616 famam
350 1592 491 1617 eorum
521 1577 780 1618 transitiones
808 1579 971 1619 crebrae
1003 1579 1052 1619 ab
1076 1579 1271 1619 Numidis
1297 1590 1464 1635 coeptae

101 1633 200 1673 fieri.
263 1633 327 1674 Ita
347 1649 439 1674 cum
465 1634 652 1690 Syphace
677 1634 876 1675 Romanis
897 1636 1037 1676 iuncta
1057 1636 1235 1677 amicitia
1256 1646 1326 1677 est.

161 1690 287 1738 Quod
331 1691 401 1731 ubi
449 1691 813 1747 Carthaginienses
858 1701 1117 1748 acceperunt,
1161 1694 1369 1750 extemplo
1414 1695 1465 1735 ad

104 1746 263 1796 Galam,
284 1748 325 1787 in
345 1757 459 1803 parte
481 1748 607 1788 altera
629 1747 853 1790 Numidiae
877 1749 1070 1807 (Massyli
1091 1766 1138 1791 ea
1158 1767 1258 1806 gens
1279 1752 1464 1807 vocatur)

99 1813 354 1859 regnantem,
375 1805 530 1860 legatos
558 1806 738 1847 mittunt.
801 1807 951 1847 Filium
975 1807 1082 1848 Gala
1106 1807 1364 1849 Masinissam
1394 1809 1465 1850 ha-
1540 1810 1605 1847 49.

99 1861 232 1910 bebat,
254 1871 411 1918 septem
433 1872 474 1903 et
494 1863 637 1903 decem
666 1878 795 1904 annos
822 1873 979 1913 natum,
1001 1873 1184 1906 ceterum
1206 1866 1396 1907 iuvenem
1418 1882 1465 1907 ea
1478 1864 1658 1917 Carthagin.

99 1918 251 1967 indole,
270 1928 316 1959 ut
337 1919 417 1959 iam
439 1929 526 1961 tum
548 1930 774 1976 appareret,
796 1921 916 1962 latius
937 1937 1110 1977 regnum
1132 1923 1463 1979 opulentiusque,
1479 1908 1649 1979 {Efflkffs'ff'

100 1990 225 2030 quam
255 1977 367 2031 quod
397 1978 630 2032 accepisset,
662 1978 878 2019 facturum.
941 1979 1100 2034 Legati,
1135 1981 1356 2035 ‘quoniam
1390 1981 1575 2037 Sy-ciuut.

101 2037 114 2055 ⁶
128 2032 238 2088 phax
266 2048 307 2074 se
331 2034 531 2075 Romanis
558 2035 770 2085 iunxisset,
793 2044 839 2076 ut
866 2037 1074 2091 potentior
1101 2038 1293 2077 societate
1323 2053 1464 2077 eorum

101 2094 114 2112 ‘
129 2089 320 2131 adversus
341 2106 455 2146 reges
476 2092 731 2148 populosque
755 2092 918 2133 Africae
941 2095 1070 2141 esset,’
1087 2093 1260 2142 docent:
1296 2094 1465 2134 ‘melius

102 2151 114 2169 ‘
129 2145 213 2187 fore
231 2147 359 2188 Galae
377 2164 556 2204 quoque,
575 2148 984 2205 Carthaginiensibus
1000 2150 1114 2205 iungi
1132 2166 1254 2206 quam
1272 2151 1463 2206 primum,

103 2208 114 2226 ‘
128 2212 350 2258 antequam
375 2205 543 2261 Syphax
571 2206 613 2246 in
636 2206 894 2262 Hispaniam,
917 2216 986 2247 aut
1009 2207 1189 2247 Romani
1216 2208 1259 2247 in
1281 2208 1464 2248 Africam

103 2264 363 2309 ‘transeant3
396 2263 571 2317 opprimi
607 2262 851 2319 Syphacem,
883 2264 1088 2304 nihildum
1121 2275 1282 2319 praeter
1312 2281 1463 2306 nomen

104 2321 115 2338 ‘
130 2331 183 2356 ex
202 2316 366 2357 foedere
389 2318 578 2360 Romano
606 2320 840 2369 habentem,
862 2322 1006 2376 posse.'
1066 2321 1201 2362 Facile
1226 2337 1463 2377 persuasum
1479 2330 1646 2359 Masinissa

315 2373 322 2381 ο
659 2377 667 2384 ο
1124 2379 1131 2385 ⁸
1301 2379 1308 2386 0
1498 2372 1504 2383 Ἰ
1614 2374 1623 2381 Ἰ

104 2372 247 2421 Galae,
268 2373 352 2414 fiho
379 2374 626 2429 deposcente
658 2377 701 2417 1d
730 2377 897 2426 bellum,
924 2387 969 2418 ut
998 2388 1225 2419 exercitum
1257 2388 1434 2419 mitteret
1452 2395 1460 2418 ε
1478 2372 1655 2452 ξιᾘῖζῗωὲἱῃ

1478 2432 1488 2443 k
1568 2434 1574 2443 1

1479 2456 1582 2486 vincit.

148 2517 160 2537 1
185 2509 346 2545 [muetos]
382 2509 456 2538 Non
481 2509 685 2547 adiectivum,
708 2512 762 2541 sed
805 2513 904 2543 dendo
919 2515 1062 2543 Femina.
1107 2513 1149 2543 Et
1169 2515 1280 2544 eodem
1302 2517 1396 2545 modo
1413 2517 1463 2546 Li—

103 2550 306 2589 participium
323 2551 406 2580 verbi
424 2553 598 2582 insuescere
621 2562 686 2582 esse
709 2563 761 2592 pa·
807 2554 885 2589 vius,
905 2565 988 2593 supr.
1008 2555 1095 2585 xxiii.
1113 2564 1161 2594 37.
1181 2560 1389 2595 promovendo
1411 2560 1464 2589 ad-

101 2596 158 2622 tet..
183 2592 321 2623 STROTH.
805 2597 944 2625 iunctam
962 2620 969 2626 .
987 2620 993 2626 .
1012 2620 1017 2626 .
1035 2601 1163 2628 lnrrem.
1186 2599 1289 2629 ΟΜΝ.

146 2644 162 2664 ‘2
194 2635 304 2673 Vasta]
342 2635 521 2672 Incondsta,
546 2635 762 2675 incomposita.
850 2650 868 2675 4
890 2640 988 2668 Iustis
1004 2640 1208 2677 militaribus]
1242 2642 1361 2671 Muniis
1383 2643 1464 2673 miii-

104 2676 296 2707 Emendatio
314 2677 463 2707 Rubenii.
509 2677 595 2708 Olim
614 2678 689 2708 editi
704 2690 763 2708 sica
807 2680 933 2710 taribus.
977 2681 1027 2711 sic
1044 2681 1191 2712 dicuntur
1206 2684 1288 2713 insta
1297 2686 1463 2722 funebria.

102 2720 226 2750 inscia:
263 2719 370 2758 scripti
398 2721 534 2757 suaisca,
565 2721 613 2749 vel
644 2730 761 2752 suasca.
807 2723 896 2751 Iusta
913 2726 984 2752 sunt
1001 2724 1132 2761 quodvis
1155 2735 1299 2763 pensum,
1315 2727 1464 2764 officium,

104 2761 208 2792 CREV.
806 2774 930 2795 munus.
976 2765 1026 2795 Sic
1045 2776 1128 2805 supr.
1144 2766 1185 2797 ix.
1203 2768 1231 2797 8.
1247 2779 1341 2808 quam
1359 2773 1463 2800 omnia

152 2813 168 2842 3
192 2805 399 2841 Instruenda]
440 2804 527 2834 Dum
559 2805 762 2835 instruuntur.
807 2808 889 2836 iusta
907 2809 942 2837 in
957 2809 1141 2838 deditionem
1165 2815 1299 2840 nostram
1324 2813 1462 2847 perfecta

105 2845 227 2875 Notum
249 2851 293 2875 est
318 2846 397 2875 illud
416 2846 552 2885 Virgilii,
572 2848 704 2887 I'rv'tque
722 2850 762 2877 ri-
807 2854 910 2879 erunt.
934 2849 1036 2880 ΟΜΝ.
1322 2845 1328 2850 ’
1375 2844 1381 2850 “

1167 2898 1237 2938 (2⁵2
