1825 3173
315 124 366 160 22
828 124 974 165 TITI
1018 125 1193 166 LIVIl

105 218 142 247 U.
162 218 198 247 (
218 226 289 256 534·
319 212 522 253 tumultus
541 214 742 265 fecerunt,
762 224 807 256 ut
826 231 911 257 non
928 217 1100 272 agrestis
1121 217 1245 257 modo
1269 216 1507 266 multitudo,
1530 217 1602 258 sed
1624 218 1701 273 ipsi

100 260 139 290 A.
165 261 203 290 Ω·
221 261 292 290 ²¹3·
319 269 523 310 triumviri
565 270 759 322 Romani,
791 273 864 328 qui
895 273 948 314 ad
978 289 1122 329 agrum
1162 282 1363 315 venerant
1394 273 1702 329 assignandum,

319 325 441 367 diffisi
462 327 700 370 Placentiae
718 330 949 379 moenibus,
968 330 1181 372 Mutinam
1204 330 1481 386 confugerint,
1507 331 1556 371 C.
1573 331 1704 371 Luta-

320 383 413 433 tius,
439 383 488 425 C.
512 384 720 436 Servilius,
744 387 794 428 T.
816 387 994 428 Annius.
1035 388 1196 429 Lutatii
1217 403 1372 429 nomen
1393 387 1506 428 haud
1527 387 1703 428 dubium

319 448 402 481 est:
436 457 511 497 pro
536 442 585 483 C.
609 443 782 485 Servilio
810 453 852 485 et
874 444 923 485 T.
945 444 1089 486 Annio
1121 446 1173 494 Q.
1194 445 1380 486 Acilium
1401 453 1444 485 et
1467 444 1517 485 C.
1538 444 1705 485 Heren-

320 497 438 539 nium
470 499 626 541 habent
656 501 828 556 quidam
859 501 1051 542 annales:
1090 503 1159 543 alii
1190 503 1236 543 P.
1260 501 1505 543 Cornelium
1528 501 1704 542 Asinam

322 565 364 596 et
388 556 437 597 C.
457 556 669 612 Papirium
693 557 925 598 Masonem.
988 558 1039 599 Id
1066 575 1234 615 quoque
1264 559 1439 600 dubium
1467 566 1542 607 est,
1565 558 1703 614 legati,
1721 582 1732 602 1

323 613 376 653 ad
397 614 747 669 expostulandum
770 615 882 655 missi
903 615 956 655 ad
978 615 1117 665 Boios,
1139 616 1281 657 violati
1302 617 1396 664 sint,
1420 631 1472 656 an
1494 616 1537 655 in
1559 615 1706 656 trium-

110 673 239 703 Mutina
258 670 432 710 ob-viros
459 686 604 726 agrum
631 680 834 713 metantes
861 672 1044 727 impetus
1071 674 1122 713 sit
1149 674 1293 714 faetus.
1358 673 1551 713 Mutinae
1573 687 1706 727 quum

107 726 201 746 sessa.
324 727 625 777 obsiderentur,
658 737 700 769 et
739 744 854 785 gens,
886 730 939 769 ad
974 730 1350 785 oppugnandarum
1391 730 1557 770 urbium
1598 738 1706 770 artes

323 784 449 833 rudis,
476 785 700 841 pigerrima
729 786 876 827 eadem
907 786 960 826 ad
990 787 1183 828 militaria
1213 802 1350 842 opera,
1373 787 1510 842 segnis
1541 786 1707 826 intactis

323 841 522 882 assideret
550 843 690 891 muris,
713 843 895 883 simulari
924 852 1119 898 coeptum
1140 844 1192 885 de
1214 860 1316 899 pace
1338 844 1427 899 agi:
1461 843 1706 898 evocatique

323 898 374 938 ab
409 897 627 939 Gallorum
649 900 906 955 principibus
927 900 1054 956 legati
1084 901 1137 941 ad
1162 901 1430 956 colloquium,
1457 915 1541 940 non
1563 909 1709 941 eontra

325 955 388 995 ius
409 955 534 996 modo
554 957 756 1011 gentium,
779 957 852 997 sed
879 957 1031 997 violata
1058 958 1196 1007 etiam,
1219 973 1325 1013 quae
1357 958 1453 998 data
1473 958 1517 997 in
1538 957 1581 997 id
1603 965 1708 997 tem-

324 1027 402 1067 pus
432 1021 532 1061 erat,
562 1013 658 1062 fide,
690 1013 1125 1069 comprehenduntur3
1168 1015 1417 1070 negantibus
1451 1013 1595 1062 Gallis,
1628 1013 1738 1054 nisiz

108 1081 252 1111 Manlius
325 1069 489 1110 obsides
516 1070 593 1110 sibi
621 1071 909 1119 redderentur,
937 1086 1006 1111 eos
1034 1071 1284 1112 dimissuros.
1351 1072 1494 1119 Quum
1523 1071 1626 1111 haec
1655 1071 1707 1111 de

109 1126 242 1194 Ρϊιῑῑιθῑῡὶϊι
324 1125 469 1181 legatis
486 1128 677 1168 nuntiata
693 1136 841 1176 essent,
860 1136 900 1168 et
920 1127 1089 1168 Mutina
1108 1128 1445 1183 praesidiumque
1462 1128 1506 1168 in
1522 1127 1709 1183 periculo

107 1176 196 1244 2¹2⁴ssthss
210 1175 275 1195 ΜΗ
325 1190 444 1231 esset,
468 1184 516 1223 L.
538 1183 723 1224 Manlius
750 1192 927 1239 praetor,
951 1185 1011 1224 ira
1038 1199 1248 1233 accensus,
1271 1186 1449 1225 effusum
1477 1200 1628 1239 agmen
1656 1184 1710 1225 ad

325 1239 537 1280 Mutinam
569 1240 694 1282 ducit.
762 1241 896 1281 Silvae
929 1250 1028 1281 tunc
1059 1242 1167 1281 circa
1196 1242 1304 1281 viam
1336 1250 1467 1290 erant,
1499 1241 1708 1296 plerisque

324 1296 501 1337 incultis.
565 1297 642 1346 Ibi,
666 1297 927 1352 inexplorato
955 1298 1177 1353 profectus,
1200 1298 1244 1338 in
1266 1298 1435 1338 insidias
1463 1298 1711 1353 praecipita-

324 1362 402 1401 tuS,
426 1354 639 1409 multaque
668 1369 763 1394 cum
792 1355 918 1395 caede
944 1370 1113 1394 suorum
1143 1370 1264 1409 aegre
1294 1355 1337 1394 in
1359 1364 1521 1409 apertos
1543 1369 1711 1410 campos

325 1410 502 1450 emersit.
537 1410 601 1450 Ibi
624 1419 756 1450 eastra
775 1411 1055 1459 communita,
1089 1420 1143 1460 et,
1162 1412 1261 1466 quia
1285 1411 1417 1451 Gallis
1439 1412 1491 1451 ad
1510 1411 1711 1452 tentanda

326 1481 375 1506 ea
395 1466 529 1507 defuit
557 1482 662 1522 spes,
686 1468 827 1507 refecti
858 1476 955 1507 suut
980 1468 1160 1508 militum
1189 1468 1330 1516 animi,
1354 1483 1595 1522 quanquam
1617 1483 1742 1515 sex-,3

325 1532 468 1563 centos
499 1524 696 1564 cecidisse
728 1524 823 1564 satis
853 1524 1079 1564 constabat.
1161 1524 1247 1565 Iter
1277 1524 1430 1565 deinde
1462 1525 1514 1565 de
1546 1525 1710 1580 integro

325 1589 544 1635 coeptum3
589 1596 679 1629 nec,
712 1580 812 1620 dum
844 1596 918 1636 per
948 1581 1134 1636 patentia
1164 1581 1253 1621 loca
1283 1582 1515 1622 ducebatur
1545 1597 1708 1637 agmen,

325 1638 516 1692 apparuit
541 1637 691 1678 hostis:
725 1637 796 1678 ubi
824 1653 963 1678 rursus
994 1638 1118 1678 silvae
1148 1639 1335 1687 intratae,
1364 1648 1453 1679 tum
1481 1647 1710 1694 postremos

325 1694 473 1742 adorti,
496 1709 590 1734 cum
613 1710 763 1750 magua
790 1695 1068 1749 trepidatione
1097 1710 1144 1735 ac
1171 1711 1321 1750 pavore
1352 1696 1552 1744 omnium,
1576 1696 1711 1736 octin-

325 1760 472 1804 gentos
502 1751 653 1792 milites
693 1752 947 1800 occiderunt,
980 1767 1053 1792 sex
1084 1752 1201 1807 sigua
1236 1753 1441 1793 ademere.
1523 1752 1638 1792 Finis
1668 1761 1711 1793 et

329 1807 462 1847 Gallis
490 1808 719 1857 territandi,
742 1817 783 1849 et
804 1809 982 1863 pavendi
1014 1809 1215 1849 Romanis
1243 1809 1334 1858 fuit,
1358 1818 1401 1849 ut
1424 1825 1446 1849 e
1469 1809 1577 1849 saltu
1598 1810 1710 1850 invio

327 1873 451 1919 atque
474 1865 676 1919 impedito
703 1881 879 1905 evasere.
944 1865 1062 1915 Inde,
1085 1866 1238 1921 apertis
1265 1866 1365 1907 loeis
1386 1866 1505 1906 facile
1528 1875 1711 1907 tutantes

326 1936 489 1976 agmen,
514 1922 695 1962 Romani
727 1922 766 1962 Τ
768 1931 951 1971 anetum,
973 1923 1110 1963 vicum
1142 1923 1426 1978 propinquum
1459 1923 1588 1972 Pado,
1611 1939 1711 1964 cou-

328 1978 522 2018 tendere:
575 1979 629 2019 ibi
663 1994 705 2019 se
738 1980 1000 2019 munimento
1036 1980 1089 2020 ad
1121 1988 1284 2035 tempus
1324 1980 1709 2035 commeatibusque

326 2034 509 2075 fluminis
540 2044 581 2076 ct
614 2036 907 2076 Brixianorum
941 2036 1158 2077 Gallorum
1195 2037 1363 2086 auxilio,
1397 2037 1591 2078 adversus
1621 2052 1741 2085 cre-4

180 2094 246 2130 26.
326 2101 510 2132 sccutem
541 2092 584 2132 in
616 2092 703 2133 dies
734 2093 1046 2133 multitudinem
1078 2093 1272 2143 hostium,
1305 2094 1556 2135 tutabantur.
1623 2094 1710 2141 Qui

328 2149 530 2188 tumultus
547 2164 695 2204 repens
711 2158 931 2205 postquam
948 2159 1009 2190 est
1028 2151 1206 2190 Romam
1224 2150 1418 2206 perlatus,
1437 2159 1478 2190 et
1500 2150 1709 2190 Punicum

326 2205 497 2260 insuper
516 2205 677 2246 Gallico
693 2206 802 2246 bello
819 2216 986 2247 auctum
1005 2207 1149 2247 Patres
1165 2216 1434 2262 acceperunt3
1461 2206 1510 2247 C.
1529 2207 1708 2247 Atilium

327 2270 557 2316 praetorem
589 2278 684 2302 eum
716 2278 799 2303 una
828 2263 992 2318 legione
1017 2264 1209 2304 Romana
1233 2273 1274 2304 et
1305 2264 1493 2319 quinque
1526 2263 1708 2304 millibus

374 2401 383 2420 1
411 2392 539 2429 Leyalv']
567 2391 685 2420 Nullos
700 2391 821 2429 legatos
836 2394 992 2419 memorat
1081 2400 1097 2428 5
1123 2392 1314 2429 Quanquam
1347 2395 1509 2420 ffiraereaezlos
1541 2391 1705 2428 cecidisse]

328 2433 400 2462 Pol.
419 2432 461 2463 iii.
478 2443 530 2470 40,
552 2433 607 2462 sed
630 2432 821 2469 triumviros,
846 2432 993 2462 Mutinae
1038 2434 1229 2472 Quanquam
1251 2434 1369 2462 accisas
1394 2443 1443 2462 ‘res
1470 2432 1583 2469 Drak.,
1607 2443 1707 2472 qzmn-

327 2476 462 2511 clausos,
483 2485 555 2504 eum
580 2475 774 2513 colloquium
792 2485 811 2504 a
828 2474 916 2504 Boiis
940 2484 993 2513 po-
1038 2485 1133 2514 qnam
1158 2475 1201 2504 ad
1226 2479 1350 2504 centum
1377 2474 1496 2504 Stroth.
1524 2485 1709 2514 quanquam

326 2518 508 2553 stulasseut,
523 2517 562 2546 ad
585 2527 638 2546 eos
657 2517 720 2546 fide
740 2519 875 2555 accepta
895 2526 994 2554 egres-
1039 2518 1082 2546 ml
1111 2518 1300 2556 qwdnyenMs
1332 2517 1472 2546 Gronov.
1505 2520 1536 2546 et
1568 2517 1707 2547 Bekker.

327 2569 494 2597 sos,eaque
506 2559 623 2588 violata
633 2559 878 2597 comprehensos
888 2558 994 2588 fuisse.
1041 2559 1139 2593 Quod
1159 2558 1182 2588 si
1201 2568 1267 2588 Mss.
1286 2569 1361 2596 prae
1382 2569 1414 2588 se
1434 2559 1552 2595 ferunt,
1568 2560 1610 2588 ad
1625 2581 1632 2588 .
1650 2582 1657 2588 .
1674 2581 1682 2588 .
1699 2582 1707 2589 .

329 2601 372 2630 Et
385 2601 452 2630 Liv.
466 2600 533 2638 ipse
544 2600 613 2631 infr.
625 2600 721 2631 xxvii.
733 2611 745 2630 2
754 2610 778 2631 1.
790 2610 853 2630 non
864 2601 995 2639 legatos,
1040 2602 1196 2637 cecidisse,
1219 2603 1254 2630 ut
1276 2601 1458 2631 Gronovius
1478 2604 1623 2637 testatur,
1640 2600 1706 2630 fieri

327 2643 381 2671 sed
395 2641 575 2671 triumviros
587 2642 670 2671 circa
683 2643 901 2679 Mutinam,et
916 2653 991 2672 xxx,
1038 2646 1154 2681 potest,
1184 2646 1220 2672 ut
1250 2642 1282 2671 in
1314 2653 1391 2672 voce
1422 2642 1479 2671 illa
1509 2644 1561 2675 ad,
1584 2642 1708 2671 incuria

333 2693 377 2722 10.
394 2683 435 2712 ad
453 2682 557 2712 vicum
571 2683 731 2713 Tanetum
745 2695 763 2714 a
781 2684 868 2714 Boiis
883 2688 994 2723 captos
1038 2685 1222 2719 scribarum,
1238 2686 1338 2714 lateat
1358 2694 1508 2713 numerus
1536 2690 1609 2720 001),
1630 2684 1661 2713 h.
1678 2694 1705 2714 e.

327 2725 434 2754 tradit.
460 2724 550 2754 ΒΗΚ.
1037 2727 1126 2756 mille
1143 2726 1316 2765 quingenti.

372 2776 387 2796 2
412 2768 486 2796 Nisi
502 2768 619 2796 obsides
633 2768 708 2805 sihi]
736 2768 827 2802 Quos
845 2769 913 2798 Pol.
931 2772 990 2798 tra-
1080 2781 1097 2806 4
1122 2768 1369 2804 Βγὶατίιιηονιυη]
1390 2766 1458 2801 Qui
1475 2778 1491 2796 e
1508 2766 1706 2806 principibus

329 2809 410 2839 ditos
433 2808 508 2837 dicit
532 2809 563 2837 in
588 2808 676 2837 exitu
703 2809 769 2838 eius
796 2811 883 2842 belli,
907 2811 990 2848 quod
1038 2811 1296 2840 Cenomanorum
1315 2809 1442 2847 populis
1459 2812 1557 2839 eraut.

329 2850 504 2888 descripsit,
521 2850 551 2881 ii.
573 2860 700 2888 22—25.
728 2851 768 2880 Rz
787 2861 811 2879 r.
