1871 3178
508 104 630 145 Llss.
665 103 807 144 XXV.
855 102 1000 142 CAP.
1039 107 1099 143 18.
1413 108 1493 144 253

119 195 311 236 Calorem
340 195 510 235 fluvium
545 194 806 234 interfectum
838 201 1080 240 memorant,
1103 192 1270 232 eredere
1292 193 1404 240 velis,
1427 210 1493 233 ea·
1513 204 1606 234 ¹1¹.st
1630 212 1701 241 540.

147 253 212 293 itis
248 261 408 293 tantum
449 252 626 292 Gracchi
665 251 801 290 hostes
836 249 957 304 potiti
999 258 1105 289 sunt.
1173 248 1233 288 lio
1269 249 1405 289 delato
1442 251 1492 290 ad
1510 248 1545 276 A.
1570 248 1608 276 (J.
1631 256 1701 276 ²¹²·

136 310 412 355 >Iannibalem‚
436 309 580 348 missus
602 309 651 348 ab
673 323 722 348 eo
738 306 953 347 confestim
979 305 1190 353 Carthalo,
1206 307 1276 360 qui
1303 306 1342 345 in
1365 316 1495 347 eastra

118 367 309 407 Romana
329 367 381 407 ad
405 367 484 406 Cn.
508 365 749 406 Cornelium
772 372 1032 419 quaestorem
1058 363 1247 403 deferret.
1315 363 1351 402 ls
1371 364 1494 403 funus

116 424 373 479 imperatoris
395 424 436 463 in
458 423 611 472 castris,
634 421 936 463 celebrantibus
957 436 1053 461 eum
1075 421 1260 461 exercitu
1277 420 1494 461 Beneven-

116 483 235 527 tanis,
258 482 364 522 feeit.

176 539 394 587 Consules,
424 553 567 591 agrum
592 536 854 591 Campanum
883 535 1065 590 ingressi,
1089 550 1218 590 quum
1247 535 1395 590 passim
1423 550 1495 590 po-
1576 535 1636 571 18.

86 595 369 652 4pularentur‚
393 595 608 650 eruptione
636 593 941 648 oppidanorum
969 602 1010 633 et
1037 592 1232 647 BIagonis
1260 608 1355 632 cum
1377 590 1648 648 qul‘l-‘Jf'⁵⁸·j'¹‘¹

118 662 205 694 tatu
227 653 357 693 territi
378 661 419 692 et
441 651 604 706 trepidi,
627 651 679 690 ad
701 650 818 705 signa
845 649 994 690 milites
1020 649 1177 705 palatos
1206 650 1356 705 passim
1379 634 1653 704 revo-J-u‘fflu‘un

116 720 283 751 earunt:
318 719 370 756 et,
394 709 563 749 vixdum
586 708 786 748 instructa
811 707 896 747 aeie
919 707 1009 755 fusi,
1033 722 1156 762 snpra
1177 707 1287 747 mille
1310 717 1352 747 et
1373 707 1496 761 qnin-

116 776 261 822 gentos
296 767 447 807 milites
482 765 719 805 amiserunt.
784 764 887 804 Inde
930 764 1075 818 ingens
1111 765 1262 804 ferocia
1295 765 1495 819 superbae

116 821 261 880 suopte
287 824 456 879 ingenio
485 823 599 878 genti
629 823 768 871 crevit,
799 821 1023 877 nmltisque
1051 821 1218 877 proeliis
1243 821 1497 862 lacessebant

117 882 352 922 Romanos:
386 880 458 921 sed
481 880 722 920 intentiores
739 879 790 920 ad
807 879 1038 919 cavendum
1053 879 1242 919 consules
1259 894 1341 919 una
1358 894 1497 934 pugna

117 938 282 987 fecerat,
316 939 480 978 ineante
517 946 641 992 atquc
676 936 907 978 inconsulte
944 937 1057 977 inita.
1122 936 1322 977 Restituit
1358 946 1496 976 tamen

115 995 179 1035 his
201 997 370 1045 animos,
388 1004 430 1036 et
451 994 529 1034 illis
551 995 700 1034 minuit
716 994 943 1042 andaciam,
962 1009 1087 1049 parva
1108 1010 1189 1034 una
1210 1009 1284 1033 res.
1350 993 1431 1034 Sed
1455 994 1495 1032 in

115 1053 224 1094 bello
252 1053 356 1093 nihil
388 1061 471 1093 tam
502 1051 591 1092 leve
623 1060 695 1098 est,
728 1051 841 1106 quod
872 1067 955 1091 non
990 1066 1163 1106 magnae
1196 1050 1405 1091 interdum
1438 1050 1495 1090 rei

116 1119 374 1151 momentum
396 1110 527 1150 faeiat.
581 1109 630 1149 T.
651 1109 851 1156 Quinctio
871 1108 1065 1163 Crispino
1086 1108 1240 1148 Badius
1257 1108 1496 1162 Campanus
1513 1110 1632 1139 Badius

117 1167 265 1223 hospes
296 1176 395 1215 erat,
424 1166 690 1222 perfamiliari
719 1165 898 1220 hospitio
933 1165 1107 1205 iunctus.
1173 1165 1371 1204 Creverat
1398 1180 1653 1224 συη-γοςίῒῚά

117 1224 306 1272 sueme,
330 1224 441 1279 quod
468 1238 590 1278 aeger
620 1223 776 1262 Romae
807 1221 917 1277 apud
941 1222 1182 1276 Crispinum
1216 1222 1371 1262 Badius
1400 1214 1647 1275 atitepug‘na'n1

118 1281 393 1322 defectionem
420 1281 677 1335 Campanam
704 1279 926 1319 liberaliter
947 1280 1201 1334 comiterque
1223 1288 1387 1319 curatus
1407 1280 1496 1319 fue-
1510 1280 1604 1327 ΠΨ]-
1622 1279 1705 1310 cris-

117 1348 190 1379 rat.
254 1338 364 1378 Tum
408 1337 575 1385 Badius,
613 1352 849 1392 progressus
889 1345 984 1376 ante
1025 1337 1234 1384 stationes,
1275 1351 1381 1391 quae
1423 1333 1630 1391 pro¹'¹¹¹¹¹¹¹¹‘

118 1404 236 1451 porta
276 1396 448 1443 stabant,
490 1395 625 1435 vocari
669 1394 908 1449 Crispinum
958 1393 1084 1433 iussit.
1151 1393 1277 1440 Quod
1324 1393 1392 1432 ubi
1436 1404 1497 1433 est

121 1452 317 1508 Crispino
338 1453 589 1499 nuntiatum,
612 1461 723 1491 ratus
751 1450 1004 1505 colloquium
1025 1450 1203 1491 amicum
1231 1466 1276 1490 ae
1298 1450 1496 1490 fiuniliare

119 1510 274 1565 quaeri,
309 1518 502 1550 manente
538 1508 749 1556 memoria,
787 1508 911 1547 ctiam
945 1507 988 1546 in
1021 1507 1194 1547 discidio
1235 1507 1494 1562 publicorum

118 1567 345 1615 foederum,
369 1567 514 1622 privati
536 1565 646 1613 iuris,
670 1564 854 1619 paullum
881 1579 904 1603 a
931 1564 1078 1604 eeterss
1106 1565 1314 1619 processit.
1377 1565 1497 1605 Post-

119 1639 241 1679 quam
271 1625 311 1664 in
335 1632 603 1678 conspectum
624 1637 785 1669 venere,
810 1621 1020 1661 ‘Provoco
1049 1622 1114 1670 te,’
1142 1621 1291 1676 inquit,
1316 1622 1392 1662 ‘ad
1420 1638 1497 1678 pu-

120 1687 131 1704 ‘
143 1696 281 1736 gnam,
299 1680 517 1736 Crispine,'
534 1679 712 1720 Badius:
749 1678 1093 1719 ‘conscendamus
1107 1694 1247 1734 equos,
1262 1680 1498 1720 summotis-

121 1743 225 1793 ‘que
247 1738 347 1786 aliis,
370 1747 462 1778 uter
482 1737 589 1778 bello
611 1736 756 1777 melior
775 1736 839 1784 sit,
862 1735 1159 1776 decernamus)
1219 1736 1290 1776 Ad
1312 1752 1359 1777 ea
1383 1737 1498 1777 Cris-

117 1796 252 1851 pinus,
277 1801 288 1819 ‘
302 1794 394 1836 Nee
415 1795 504 1844 sibi,
527 1809 604 1835 nec
626 1793 711 1843 illi,’
732 1794 800 1842 ait,
825 1793 988 1834 ‘hostes
1008 1793 1163 1842 deesse,
1182 1793 1224 1833 in
1246 1794 1397 1849 quibus
1418 1794 1498 1834 vir-

120 1858 280 1893 ‘tutem
307 1852 552 1893 ostendant:
586 1866 642 1900 se,
669 1850 829 1892 etiamsi
858 1850 901 1890 in
929 1851 1016 1891 acie
1044 1859 1244 1899 occurrat,
1267 1851 1497 1892 declinatu-

119 1914 249 1959 ‘rum,
286 1925 339 1950 ne
371 1909 564 1965 hospitali
597 1908 722 1949 caede
759 1907 947 1948 dextram
983 1907 1152 1956 violct3’
1192 1923 1497 1964 conversusque

119 1967 267 2008 abibat.
330 1966 555 2007 Enimvero
575 1966 751 2006 ferocius
780 1974 867 2005 tum
892 1964 1134 2020 Campanus
1161 1965 1373 2021 increpare
1395 1965 1499 2006 mol-

89 2023 248 2068 5litiem
271 2024 574 2080 ignaviamque,
597 2032 639 2064 et
666 2038 707 2063 se
730 2022 855 2077 digna
876 2023 1025 2077 probra
1046 2022 1089 2061 in
1117 2022 1321 2062 insontem
1350 2023 1497 2071 iacere,

122 2081 394 2136 ‘hospitalem
429 2081 609 2121 hostem'
644 2079 869 2135 appellans,
905 2078 1279 2133 ‘simulantemque
1315 2094 1496 2134 parcere,

122 2142 134 2161 ‘
146 2138 213 2178 cui
234 2139 334 2179 sciat
355 2153 495 2194 parem
516 2152 657 2178 senon
679 2152 778 2177 esse·
844 2136 887 2177 Si
908 2151 1052 2191 parum
1072 2136 1248 2191 publicis
1264 2136 1499 2177 foederibus

123 2195 278 2250 ‘ruptis
309 2196 514 2251 dirempta
540 2194 662 2235 simul
683 2202 725 2234 et
751 2193 910 2249 privata
938 2193 1026 2233 iura
1047 2208 1134 2233 esse
1163 2202 1294 2248 putet,
1319 2193 1497 2233 Badium

124 2257 136 2274 ‘
155 2251 417 2307 Campanum
438 2252 487 2292 T.
508 2252 709 2300 Quinctio
733 2250 929 2306 Crispino
953 2250 1144 2290 Romano
1166 2250 1314 2306 palam,
1337 2250 1498 2290 duobus

93 2318 112 2349 6
126 2309 397 2349 ‘exercitibus
417 2309 693 2357 audientibus,
716 2307 954 2348 renuntiare
980 2307 1217 2363 hospitium.
1281 2307 1401 2348 Nihil
1422 2308 1498 2347 sibi

126 2371 244 2406 ‘cum
277 2380 326 2405 eo
358 2365 649 2414 consociatum,
681 2365 785 2404 nihil
815 2364 1072 2405 foederatum
1103 2364 1210 2405 hosti
1243 2380 1337 2405 cum
1368 2364 1498 2413 hoste,

127 2428 138 2446 ‘
151 2423 268 2463 euius
283 2422 457 2477 patriam
479 2437 524 2462 ae
540 2431 712 2477 penates
727 2421 914 2476 publicos
935 2421 1197 2477 privatosque
1215 2431 1499 2476 oppugnatum

127 2479 340 2520 ‘venissen
405 2478 447 2519 Si
479 2479 540 2519 vir
565 2487 684 2527 esset,
711 2477 1058 2533 congrederetur.’
1118 2478 1207 2518 Diu
1235 2486 1499 2519 cunctantem

169 2609 188 2636 4
210 2597 377 2635 Blagyonis]
415 2594 481 2625 Hie
510 2595 598 2624 locus
626 2598 791 2633 suspectus
835 2593 903 2633 ipse
919 2595 1032 2631 dignus
1047 2599 1123 2625 erat.

127 2644 174 2670 est
198 2639 264 2669 Iac.
285 2637 446 2668 Gronovio
469 2641 499 2667 et
525 2637 669 2673 Dukero,
692 2646 791 2675 quum
884 2636 902 2666 6
925 2638 1127 2667 Renuntiare
1154 2638 1340 2676 hospitium]
1384 2638 1500 2669 Decla-

127 2682 198 2712 infr.
214 2680 298 2711 xxvi.
316 2691 344 2719 5,
361 2684 391 2710 et
412 2690 457 2710 η.
477 2680 597 2709 Hanno
614 2679 792 2718 praefectus
836 2689 903 2708 rare
921 2680 1047 2708 nullum
1071 2679 1134 2709 iam
1158 2690 1225 2709 esse
1248 2680 1440 2719 hospitiu1n3
1462 2681 1500 2710 ir-

127 2723 275 2764 praesidii
304 2722 419 2753 Punici
449 2721 583 2758 dicatur,
610 2722 708 2760 Mago
738 2731 791 2750 au-
836 2721 930 2750 ritum
962 2722 1063 2751 facere
1097 2726 1128 2751 et
1161 2721 1336 2752 rescindere
1372 2723 1502 2763 hospitii

127 2770 193 2797 tem
209 2776 292 2805 supr.
314 2773 361 2804 15,
378 2768 409 2795 et
428 2764 474 2795 16.
492 2763 626 2794 Bruttiis
648 2773 792 2802 praeesse
836 2763 893 2793 ius.
933 2763 1057 2793 Eodem
1073 2764 1168 2794 modo
1182 2768 1211 2794 et
1225 2775 1315 2794 sensu
1329 2765 1443 2795 dicitur
1456 2777 1501 2797 re-

128 2812 330 2839 memoretur.
836 2807 990 2836 nuntiare
1011 2807 1198 2843 societatem,
1213 2809 1402 2839 renuntiare
1425 2809 1502 2838 ami-

173 2860 190 2890 5
213 2852 252 2882 Se
267 2852 363 2889 diyna
378 2850 512 2889 probra]
545 2849 665 2880 Probra
680 2848 794 2888 quibus
836 2849 952 2879 cilium.
977 2849 1081 2879 Cnfiv.

1508 1155 1621 1191 Uamp.
1636 1163 1704 1191 pro-
