<?xml version="1.0" encoding="UTF-8"?>
<!DOCTYPE html PUBLIC "-//W3C//DTD XHTML 1.0 Transitional//EN"
    "http://www.w3.org/TR/xhtml1/DTD/xhtml1-transitional.dtd">
<html xmlns="http://www.w3.org/1999/xhtml" xml:lang="en" lang="en">
 <head>
  <title>
</title>
<meta http-equiv="Content-Type" content="text/html;charset=utf-8" />
  <meta name='ocr-system' content='tesseract 3.04.00' />
  <meta name='ocr-capabilities' content='ocr_page ocr_carea ocr_par ocr_line ocrx_word'/>
</head>
<body>
  <div class='ocr_page' id='page_1' title='image "./historiarumaburb02livyuoft_0346.png"; bbox 0 0 1877 3178; ppageno 0'>
   <div class='ocr_carea' id='block_1_1' title="bbox 409 105 1271 147">
    <p class='ocr_par' dir='ltr' id='par_1_1' title="bbox 409 105 1271 147">
     <span class='ocr_line' id='line_1_1' title="bbox 409 105 1271 147; baseline 0.005 -4"><span class='ocrx_word' id='word_1_1' title='bbox 409 107 489 144; x_wconf 84' lang='lat'>336</span> <span class='ocrx_word' id='word_1_2' title='bbox 911 105 1057 147; x_wconf 89' lang='lat' dir='ltr'>TITI</span> <span class='ocrx_word' id='word_1_3' title='bbox 1095 105 1271 147; x_wconf 91' lang='lat' dir='ltr'>LIVII</span> 
     </span>
    </p>
   </div>
   <div class='ocr_carea' id='block_1_2' title="bbox 205 193 1778 308">
    <p class='ocr_par' dir='ltr' id='par_1_2' title="bbox 205 193 1778 308">
     <span class='ocr_line' id='line_1_2' title="bbox 205 193 1778 252; baseline 0.004 -21"><span class='ocrx_word' id='word_1_4' title='bbox 205 201 248 231; x_wconf 85' lang='lat' dir='ltr'><strong>U</strong></span> <span class='ocrx_word' id='word_1_5' title='bbox 265 201 302 232; x_wconf 87' lang='lat' dir='ltr'>C.</span> <span class='ocrx_word' id='word_1_6' title='bbox 325 212 396 241; x_wconf 74' lang='lat'><strong>542·</strong></span> <span class='ocrx_word' id='word_1_7' title='bbox 410 193 596 243; x_wconf 83' lang='lat' dir='ltr'>‘milites,</span> <span class='ocrx_word' id='word_1_8' title='bbox 619 193 716 234; x_wconf 86' lang='lat' dir='ltr'>hinc</span> <span class='ocrx_word' id='word_1_9' title='bbox 737 194 936 244; x_wconf 80' lang='lat' dir='ltr'>classicos,</span> <span class='ocrx_word' id='word_1_10' title='bbox 959 210 1034 252; x_wconf 77' lang='lat' dir='ltr'>pei</span> <span class='ocrx_word' id='word_1_11' title='bbox 1054 210 1197 236; x_wconf 87' lang='lat' dir='ltr'>omnes</span> <span class='ocrx_word' id='word_1_12' title='bbox 1217 195 1318 236; x_wconf 89' lang='lat' dir='ltr'>deos</span> <span class='ocrx_word' id='word_1_13' title='bbox 1342 204 1504 251; x_wconf 84' lang='lat' dir='ltr'>paratos</span> <span class='ocrx_word' id='word_1_14' title='bbox 1524 196 1670 245; x_wconf 84' lang='lat' dir='ltr'>iurare,</span> <span class='ocrx_word' id='word_1_15' title='bbox 1694 211 1778 236; x_wconf 84' lang='lat' dir='ltr'>ma-</span> 
     </span>
     <span class='ocr_line' id='line_1_3' title="bbox 205 244 1778 308; baseline 0.003 -18.023"><span class='ocrx_word' id='word_1_16' title='bbox 205 244 240 273; x_wconf 60' lang='lat'>³·</span> <span class='ocrx_word' id='word_1_17' title='bbox 264 245 300 274; x_wconf 64' lang='lat'><em>¹</em></span> <span class='ocrx_word' id='word_1_18' title='bbox 326 254 395 276; x_wconf 74' lang='lat'>210·</span> <span class='ocrx_word' id='word_1_19' title='bbox 410 251 495 307; x_wconf 83' lang='lat' dir='ltr'>‘gis</span> <span class='ocrx_word' id='word_1_20' title='bbox 519 266 625 306; x_wconf 89' lang='lat' dir='ltr'>quae</span> <span class='ocrx_word' id='word_1_21' title='bbox 654 251 794 301; x_wconf 90' lang='lat' dir='ltr'>velint,</span> <span class='ocrx_word' id='word_1_22' title='bbox 817 267 942 307; x_wconf 85' lang='lat' dir='ltr'>quam</span> <span class='ocrx_word' id='word_1_23' title='bbox 963 267 1069 308; x_wconf 90' lang='lat' dir='ltr'>quae</span> <span class='ocrx_word' id='word_1_24' title='bbox 1101 252 1243 302; x_wconf 86' lang='lat' dir='ltr'>sciant,</span> <span class='ocrx_word' id='word_1_25' title='bbox 1274 267 1370 293; x_wconf 83' lang='lat' dir='ltr'>vera</span> <span class='ocrx_word' id='word_1_26' title='bbox 1399 268 1499 302; x_wconf 89' lang='lat' dir='ltr'>esse,</span> <span class='ocrx_word' id='word_1_27' title='bbox 1532 263 1573 294; x_wconf 92' lang='lat' dir='ltr'>et</span> <span class='ocrx_word' id='word_1_28' title='bbox 1602 254 1778 294; x_wconf 90' lang='lat' dir='ltr'>obstrin-</span> 
     </span>
    </p>
   </div>
   <div class='ocr_carea' id='block_1_3' title="bbox 255 943 322 980">
    <p class='ocr_par' dir='ltr' id='par_1_3' title="bbox 255 943 322 980">
     <span class='ocr_line' id='line_1_4' title="bbox 255 943 322 980; baseline 0.03 -2"><span class='ocrx_word' id='word_1_29' title='bbox 255 943 322 980; x_wconf 87' lang='grc'>49.</span> 
     </span>
    </p>
   </div>
   <div class='ocr_carea' id='block_1_4' title="bbox 185 1913 356 1987">
    <p class='ocr_par' dir='ltr' id='par_1_4' title="bbox 185 1913 356 1987">
     <span class='ocr_line' id='line_1_5' title="bbox 185 1913 343 1953; baseline 0.006 -9"><span class='ocrx_word' id='word_1_30' title='bbox 185 1913 343 1953; x_wconf 76' lang='lat' dir='ltr'>Scipionis</span> 
     </span>
     <span class='ocr_line' id='line_1_6' title="bbox 185 1957 356 1987; baseline 0.006 -1"><span class='ocrx_word' id='word_1_31' title='bbox 185 1957 217 1986; x_wconf 88' lang='lat' dir='ltr'>iu</span> <span class='ocrx_word' id='word_1_32' title='bbox 233 1957 356 1987; x_wconf 80' lang='lat' dir='ltr'>obsides</span> 
     </span>
    </p>
   </div>
   <div class='ocr_carea' id='block_1_5' title="bbox 185 1998 374 2030">
    <p class='ocr_par' dir='ltr' id='par_1_5' title="bbox 185 1998 374 2030">
     <span class='ocr_line' id='line_1_7' title="bbox 185 1998 374 2030; baseline 0.011 -2"><span class='ocrx_word' id='word_1_33' title='bbox 185 1998 374 2030; x_wconf 81' lang='lat' dir='ltr'>humanitas.</span> 
     </span>
    </p>
   </div>
   <div class='ocr_carea' id='block_1_6' title="bbox 390 309 1807 2188">
    <p class='ocr_par' dir='ltr' id='par_1_6' title="bbox 400 309 1807 879">
     <span class='ocr_line' id='line_1_8' title="bbox 409 309 1777 365; baseline 0.001 -16"><span class='ocrx_word' id='word_1_34' title='bbox 409 313 529 363; x_wconf 83' lang='lat' dir='ltr'>‘gere</span> <span class='ocrx_word' id='word_1_35' title='bbox 551 309 730 364; x_wconf 89' lang='lat' dir='ltr'>periurio</span> <span class='ocrx_word' id='word_1_36' title='bbox 751 324 835 350; x_wconf 93' lang='lat' dir='ltr'>non</span> <span class='ocrx_word' id='word_1_37' title='bbox 857 324 899 350; x_wconf 88' lang='lat' dir='ltr'>se</span> <span class='ocrx_word' id='word_1_38' title='bbox 921 310 1052 350; x_wconf 90' lang='lat' dir='ltr'>solum</span> <span class='ocrx_word' id='word_1_39' title='bbox 1074 324 1278 364; x_wconf 82' lang='lat' dir='ltr'>suumque</span> <span class='ocrx_word' id='word_1_40' title='bbox 1301 318 1438 365; x_wconf 83' lang='lat' dir='ltr'>caput,</span> <span class='ocrx_word' id='word_1_41' title='bbox 1461 310 1534 351; x_wconf 91' lang='lat' dir='ltr'>sed</span> <span class='ocrx_word' id='word_1_42' title='bbox 1554 310 1671 365; x_wconf 81' lang='lat' dir='ltr'>signa</span> <span class='ocrx_word' id='word_1_43' title='bbox 1701 311 1777 350; x_wconf 90' lang='lat' dir='ltr'>mi-</span> 
     </span>
     <span class='ocr_line' id='line_1_9' title="bbox 408 365 1807 422; baseline 0.002 -17"><span class='ocrx_word' id='word_1_44' title='bbox 408 365 575 414; x_wconf 81' lang='lat' dir='ltr'>‘litaria,</span> <span class='ocrx_word' id='word_1_45' title='bbox 599 374 641 406; x_wconf 89' lang='lat' dir='ltr'>et</span> <span class='ocrx_word' id='word_1_46' title='bbox 661 366 830 421; x_wconf 86' lang='lat' dir='ltr'>aquilas,</span> <span class='ocrx_word' id='word_1_47' title='bbox 853 367 1180 422; x_wconf 88' lang='lat' dir='ltr'>sacramentique</span> <span class='ocrx_word' id='word_1_48' title='bbox 1202 366 1457 422; x_wconf 83' lang='lat' dir='ltr'>religionem.</span> <span class='ocrx_word' id='word_1_49' title='bbox 1520 366 1638 408; x_wconf 83' lang='grc' dir='ltr'><strong>Η360</strong></span> <span class='ocrx_word' id='word_1_50' title='bbox 1659 382 1701 408; x_wconf 92' lang='grc'>56</span> <span class='ocrx_word' id='word_1_51' title='bbox 1724 368 1776 408; x_wconf 88' lang='lat' dir='ltr'>ad</span> <span class='ocrx_word' id='word_1_52' title='bbox 1790 383 1807 415; x_wconf 86' lang='lat'>5</span> 
     </span>
     <span class='ocr_line' id='line_1_10' title="bbox 408 422 1776 480; baseline 0.002 -17.036"><span class='ocrx_word' id='word_1_53' title='bbox 408 428 528 463; x_wconf 90' lang='lat' dir='ltr'>‘eum</span> <span class='ocrx_word' id='word_1_54' title='bbox 558 422 609 463; x_wconf 92' lang='lat' dir='ltr'>de</span> <span class='ocrx_word' id='word_1_55' title='bbox 641 423 845 464; x_wconf 86' lang='lat' dir='ltr'>sententia</span> <span class='ocrx_word' id='word_1_56' title='bbox 876 423 922 464; x_wconf 91' lang='lat' dir='ltr'>P.</span> <span class='ocrx_word' id='word_1_57' title='bbox 950 423 1135 465; x_wconf 90' lang='lat' dir='ltr'>Cornelii</span> <span class='ocrx_word' id='word_1_58' title='bbox 1165 432 1207 464; x_wconf 88' lang='lat' dir='ltr'>et</span> <span class='ocrx_word' id='word_1_59' title='bbox 1238 423 1299 464; x_wconf 89' lang='lat' dir='ltr'>M.</span> <span class='ocrx_word' id='word_1_60' title='bbox 1326 423 1556 480; x_wconf 85' lang='lat' dir='ltr'>Sempronii</span> <span class='ocrx_word' id='word_1_61' title='bbox 1592 424 1776 466; x_wconf 88' lang='lat' dir='ltr'>deferre.’</span> 
     </span>
     <span class='ocr_line' id='line_1_11' title="bbox 408 479 1776 544; baseline 0.001 -25"><span class='ocrx_word' id='word_1_62' title='bbox 408 479 558 544; x_wconf 82' lang='lat' dir='ltr'>Scipio,</span> <span class='ocrx_word' id='word_1_63' title='bbox 581 479 814 521; x_wconf 89' lang='lat' dir='ltr'>collaudato</span> <span class='ocrx_word' id='word_1_64' title='bbox 836 480 992 530; x_wconf 87' lang='lat' dir='ltr'>Laelio,</span> <span class='ocrx_word' id='word_1_65' title='bbox 1011 481 1063 521; x_wconf 87' lang='lat' dir='ltr'>ad</span> <span class='ocrx_word' id='word_1_66' title='bbox 1084 481 1327 522; x_wconf 85' lang='lat' dir='ltr'>concionem</span> <span class='ocrx_word' id='word_1_67' title='bbox 1349 481 1574 530; x_wconf 86' lang='lat' dir='ltr'>advocavit,</span> <span class='ocrx_word' id='word_1_68' title='bbox 1592 496 1776 536; x_wconf 87' lang='lat' dir='ltr'>pronun-</span> 
     </span>
     <span class='ocr_line' id='line_1_12' title="bbox 403 537 1776 603; baseline 0.001 -26"><span class='ocrx_word' id='word_1_69' title='bbox 403 537 616 592; x_wconf 86' lang='lat' dir='ltr'>tiavitque,</span> <span class='ocrx_word' id='word_1_70' title='bbox 648 544 658 561; x_wconf 82' lang='lat'>‘</span> <span class='ocrx_word' id='word_1_71' title='bbox 678 537 729 578; x_wconf 89' lang='lat' dir='ltr'>Se</span> <span class='ocrx_word' id='word_1_72' title='bbox 760 537 856 578; x_wconf 86' lang='lat' dir='ltr'>satis</span> <span class='ocrx_word' id='word_1_73' title='bbox 886 547 1143 603; x_wconf 89' lang='lat' dir='ltr'>compertum</span> <span class='ocrx_word' id='word_1_74' title='bbox 1174 538 1339 587; x_wconf 84' lang='lat' dir='ltr'>habere,</span> <span class='ocrx_word' id='word_1_75' title='bbox 1375 538 1427 586; x_wconf 99' lang='lat' dir='ltr'>Q.</span> <span class='ocrx_word' id='word_1_76' title='bbox 1447 537 1704 579; x_wconf 69' lang='lat' dir='ltr'>[rebellium</span> <span class='ocrx_word' id='word_1_77' title='bbox 1734 546 1776 579; x_wconf 88' lang='lat' dir='ltr'>et</span> 
     </span>
     <span class='ocr_line' id='line_1_13' title="bbox 405 593 1774 659; baseline 0.001 -25"><span class='ocrx_word' id='word_1_78' title='bbox 405 593 525 634; x_wconf 86' lang='lat' dir='ltr'>‘Sex.</span> <span class='ocrx_word' id='word_1_79' title='bbox 552 594 760 659; x_wconf 81' lang='lat' dir='ltr'>Digitium</span> <span class='ocrx_word' id='word_1_80' title='bbox 794 595 946 650; x_wconf 86' lang='lat' dir='ltr'>pariter</span> <span class='ocrx_word' id='word_1_81' title='bbox 981 596 1023 635; x_wconf 89' lang='lat' dir='ltr'>in</span> <span class='ocrx_word' id='word_1_82' title='bbox 1057 610 1221 636; x_wconf 89' lang='lat' dir='ltr'>murum</span> <span class='ocrx_word' id='word_1_83' title='bbox 1257 595 1511 636; x_wconf 82' lang='lat' dir='ltr'>escendisse:</span> <span class='ocrx_word' id='word_1_84' title='bbox 1545 610 1672 650; x_wconf 86' lang='lat' dir='ltr'>seque</span> <span class='ocrx_word' id='word_1_85' title='bbox 1705 610 1774 636; x_wconf 90' lang='lat' dir='ltr'>eos</span> 
     </span>
     <span class='ocr_line' id='line_1_14' title="bbox 405 652 1773 702; baseline 0.001 -11"><span class='ocrx_word' id='word_1_86' title='bbox 405 652 581 700; x_wconf 83' lang='lat' dir='ltr'>‘ambos,</span> <span class='ocrx_word' id='word_1_87' title='bbox 609 652 770 693; x_wconf 85' lang='lat' dir='ltr'>virtutis</span> <span class='ocrx_word' id='word_1_88' title='bbox 805 668 938 702; x_wconf 59' lang='lat' dir='ltr'>causa,</span> <span class='ocrx_word' id='word_1_89' title='bbox 972 653 1132 693; x_wconf 80' lang='lat' dir='ltr'>emonis</span> <span class='ocrx_word' id='word_1_90' title='bbox 1168 652 1393 693; x_wconf 84' lang='lat' dir='ltr'>muralibus</span> <span class='ocrx_word' id='word_1_91' title='bbox 1422 652 1602 693; x_wconf 85' lang='lat' dir='ltr'>donare.</span> <span class='ocrx_word' id='word_1_92' title='bbox 1662 652 1773 692; x_wconf 91' lang='lat' dir='ltr'>Tum</span> 
     </span>
     <span class='ocr_line' id='line_1_15' title="bbox 402 707 1770 765; baseline 0.001 -18"><span class='ocrx_word' id='word_1_93' title='bbox 402 707 595 764; x_wconf 90' lang='lat' dir='ltr'>reliquos,</span> <span class='ocrx_word' id='word_1_94' title='bbox 628 718 751 764; x_wconf 89' lang='lat' dir='ltr'>prout</span> <span class='ocrx_word' id='word_1_95' title='bbox 781 710 931 764; x_wconf 89' lang='lat' dir='ltr'>cuique</span> <span class='ocrx_word' id='word_1_96' title='bbox 966 710 1161 751; x_wconf 87' lang='lat' dir='ltr'>meritum</span> <span class='ocrx_word' id='word_1_97' title='bbox 1190 710 1402 765; x_wconf 86' lang='lat' dir='ltr'>virtusque</span> <span class='ocrx_word' id='word_1_98' title='bbox 1439 718 1538 759; x_wconf 87' lang='lat' dir='ltr'>erat,</span> <span class='ocrx_word' id='word_1_99' title='bbox 1576 709 1770 750; x_wconf 88' lang='lat' dir='ltr'>donavit.</span> 
     </span>
     <span class='ocr_line' id='line_1_16' title="bbox 401 766 1771 822; baseline 0.001 -17"><span class='ocrx_word' id='word_1_100' title='bbox 401 773 495 806; x_wconf 88' lang='lat' dir='ltr'>ante</span> <span class='ocrx_word' id='word_1_101' title='bbox 518 781 661 807; x_wconf 88' lang='lat' dir='ltr'>omnes</span> <span class='ocrx_word' id='word_1_102' title='bbox 685 766 734 807; x_wconf 91' lang='lat' dir='ltr'>C.</span> <span class='ocrx_word' id='word_1_103' title='bbox 755 766 945 807; x_wconf 85' lang='lat' dir='ltr'>Laelium</span> <span class='ocrx_word' id='word_1_104' title='bbox 976 767 1230 822; x_wconf 86' lang='lat' dir='ltr'>praefectum</span> <span class='ocrx_word' id='word_1_105' title='bbox 1258 766 1394 808; x_wconf 85' lang='lat' dir='ltr'>classis</span> <span class='ocrx_word' id='word_1_106' title='bbox 1415 776 1457 807; x_wconf 90' lang='lat' dir='ltr'>et</span> <span class='ocrx_word' id='word_1_107' title='bbox 1477 767 1591 807; x_wconf 87' lang='lat' dir='ltr'>omni</span> <span class='ocrx_word' id='word_1_108' title='bbox 1620 781 1771 822; x_wconf 81' lang='lat' dir='ltr'>genere</span> 
     </span>
     <span class='ocr_line' id='line_1_17' title="bbox 400 821 1773 879; baseline 0.001 -17"><span class='ocrx_word' id='word_1_109' title='bbox 400 821 533 863; x_wconf 89' lang='lat' dir='ltr'>laudis</span> <span class='ocrx_word' id='word_1_110' title='bbox 569 823 733 864; x_wconf 85' lang='lat' dir='ltr'>sibimet</span> <span class='ocrx_word' id='word_1_111' title='bbox 766 824 852 879; x_wconf 90' lang='lat' dir='ltr'>ipse</span> <span class='ocrx_word' id='word_1_112' title='bbox 886 824 1092 879; x_wconf 88' lang='lat' dir='ltr'>aequavit,</span> <span class='ocrx_word' id='word_1_113' title='bbox 1119 833 1161 864; x_wconf 91' lang='lat' dir='ltr'>et</span> <span class='ocrx_word' id='word_1_114' title='bbox 1191 839 1343 865; x_wconf 90' lang='lat' dir='ltr'>corona</span> <span class='ocrx_word' id='word_1_115' title='bbox 1372 839 1495 864; x_wconf 90' lang='lat' dir='ltr'>aurea</span> <span class='ocrx_word' id='word_1_116' title='bbox 1527 839 1573 864; x_wconf 86' lang='grc'>30</span> <span class='ocrx_word' id='word_1_117' title='bbox 1603 823 1773 879; x_wconf 81' lang='lat' dir='ltr'>triginta</span> 
     </span>
    </p>

    <p class='ocr_par' dir='ltr' id='par_1_7' title="bbox 400 879 735 921">
     <span class='ocr_line' id='line_1_18' title="bbox 400 879 735 921; baseline 0.003 -2"><span class='ocrx_word' id='word_1_118' title='bbox 400 879 534 920; x_wconf 87' lang='lat' dir='ltr'>bubus</span> <span class='ocrx_word' id='word_1_119' title='bbox 555 880 735 921; x_wconf 89' lang='lat' dir='ltr'>donavit.</span> 
     </span>
    </p>

    <p class='ocr_par' dir='ltr' id='par_1_8' title="bbox 390 936 1800 2188">
     <span class='ocr_line' id='line_1_19' title="bbox 458 936 1769 993; baseline 0.001 -17"><span class='ocrx_word' id='word_1_120' title='bbox 458 936 570 977; x_wconf 91' lang='lat' dir='ltr'>Tum</span> <span class='ocrx_word' id='word_1_121' title='bbox 591 937 752 977; x_wconf 89' lang='lat' dir='ltr'>obsides</span> <span class='ocrx_word' id='word_1_122' title='bbox 773 937 999 978; x_wconf 86' lang='lat' dir='ltr'>eivitatium</span> <span class='ocrx_word' id='word_1_123' title='bbox 1019 937 1245 993; x_wconf 84' lang='lat' dir='ltr'>Hispaniae</span> <span class='ocrx_word' id='word_1_124' title='bbox 1267 937 1403 978; x_wconf 87' lang='lat' dir='ltr'>vocari</span> <span class='ocrx_word' id='word_1_125' title='bbox 1424 937 1561 978; x_wconf 86' lang='lat' dir='ltr'>iussit:</span> <span class='ocrx_word' id='word_1_126' title='bbox 1593 952 1769 992; x_wconf 89' lang='lat' dir='ltr'>quorum</span> 
     </span>
     <span class='ocr_line' id='line_1_20' title="bbox 400 994 1770 1059; baseline 0.001 -26"><span class='ocrx_word' id='word_1_127' title='bbox 400 1002 579 1048; x_wconf 86' lang='lat' dir='ltr'>quantus</span> <span class='ocrx_word' id='word_1_128' title='bbox 609 1008 804 1034; x_wconf 89' lang='lat' dir='ltr'>numerus</span> <span class='ocrx_word' id='word_1_129' title='bbox 832 994 967 1043; x_wconf 80' lang='lat' dir='ltr'>fuerit,</span> <span class='ocrx_word' id='word_1_130' title='bbox 989 995 1104 1058; x_wconf 73' lang='lat' dir='ltr'>piget</span> <span class='ocrx_word' id='word_1_131' title='bbox 1124 995 1313 1059; x_wconf 82' lang='lat' dir='ltr'>scribere,</span> <span class='ocrx_word' id='word_1_132' title='bbox 1337 995 1490 1050; x_wconf 87' lang='lat' dir='ltr'>quippe</span> <span class='ocrx_word' id='word_1_133' title='bbox 1513 1009 1642 1050; x_wconf 89' lang='lat' dir='ltr'>quum</span> <span class='ocrx_word' id='word_1_134' title='bbox 1673 994 1770 1035; x_wconf 87' lang='lat' dir='ltr'>alibi</span> 
     </span>
     <span class='ocr_line' id='line_1_21' title="bbox 399 1050 1768 1106; baseline 0.001 -17"><span class='ocrx_word' id='word_1_135' title='bbox 399 1058 606 1090; x_wconf 86' lang='lat' dir='ltr'>trecentos</span> <span class='ocrx_word' id='word_1_136' title='bbox 635 1050 776 1099; x_wconf 90' lang='lat' dir='ltr'>ferme,</span> <span class='ocrx_word' id='word_1_137' title='bbox 811 1050 907 1090; x_wconf 88' lang='lat' dir='ltr'>alibi</span> <span class='ocrx_word' id='word_1_138' title='bbox 939 1051 1221 1106; x_wconf 78' lang='lat' dir='ltr'>septingentos</span> <span class='ocrx_word' id='word_1_139' title='bbox 1251 1052 1398 1106; x_wconf 83' lang='lat' dir='ltr'>viginti</span> <span class='ocrx_word' id='word_1_140' title='bbox 1429 1052 1615 1106; x_wconf 87' lang='lat' dir='ltr'>quinque</span> <span class='ocrx_word' id='word_1_141' title='bbox 1645 1051 1768 1091; x_wconf 87' lang='lat' dir='ltr'>fuisse</span> 
     </span>
     <span class='ocr_line' id='line_1_22' title="bbox 398 1106 1770 1163; baseline 0.002 -18"><span class='ocrx_word' id='word_1_142' title='bbox 398 1106 467 1146; x_wconf 84' lang='lat' dir='ltr'>inv</span> <span class='ocrx_word' id='word_1_143' title='bbox 469 1107 616 1147; x_wconf 87' lang='lat' dir='ltr'>eniam.</span> <span class='ocrx_word' id='word_1_144' title='bbox 677 1107 825 1162; x_wconf 90' lang='lat' dir='ltr'>Aeque</span> <span class='ocrx_word' id='word_1_145' title='bbox 847 1116 889 1148; x_wconf 81' lang='lat' dir='ltr'>ct</span> <span class='ocrx_word' id='word_1_146' title='bbox 910 1107 989 1148; x_wconf 86' lang='lat' dir='ltr'>alia</span> <span class='ocrx_word' id='word_1_147' title='bbox 1009 1108 1117 1148; x_wconf 87' lang='lat' dir='ltr'>inter</span> <span class='ocrx_word' id='word_1_148' title='bbox 1137 1116 1323 1148; x_wconf 75' lang='lat' dir='ltr'>auctores</span> <span class='ocrx_word' id='word_1_149' title='bbox 1344 1108 1591 1163; x_wconf 86' lang='lat' dir='ltr'>discrepant.</span> <span class='ocrx_word' id='word_1_150' title='bbox 1644 1108 1770 1148; x_wconf 83' lang='grc' dir='ltr'><strong>Ρ1·36-</strong></span> 
     </span>
     <span class='ocr_line' id='line_1_23' title="bbox 396 1163 1769 1220; baseline 0.001 -17"><span class='ocrx_word' id='word_1_151' title='bbox 396 1163 547 1203; x_wconf 82' lang='grc'><strong>51(1111111</strong></span> <span class='ocrx_word' id='word_1_152' title='bbox 570 1164 776 1204; x_wconf 86' lang='lat' dir='ltr'>Punicum</span> <span class='ocrx_word' id='word_1_153' title='bbox 799 1164 902 1204; x_wconf 84' lang='lat' dir='ltr'>alius</span> <span class='ocrx_word' id='word_1_154' title='bbox 923 1164 1081 1212; x_wconf 89' lang='lat' dir='ltr'>decem,</span> <span class='ocrx_word' id='word_1_155' title='bbox 1105 1164 1208 1205; x_wconf 85' lang='lat' dir='ltr'>alius</span> <span class='ocrx_word' id='word_1_156' title='bbox 1229 1174 1400 1220; x_wconf 87' lang='lat' dir='ltr'>septem,</span> <span class='ocrx_word' id='word_1_157' title='bbox 1423 1165 1525 1205; x_wconf 89' lang='lat' dir='ltr'>alius</span> <span class='ocrx_word' id='word_1_158' title='bbox 1545 1164 1658 1204; x_wconf 87' lang='lat' dir='ltr'>haud</span> <span class='ocrx_word' id='word_1_159' title='bbox 1677 1165 1769 1220; x_wconf 88' lang='lat' dir='ltr'>plus</span> 
     </span>
     <span class='ocr_line' id='line_1_24' title="bbox 395 1221 1769 1286; baseline 0.001 -26"><span class='ocrx_word' id='word_1_160' title='bbox 395 1235 521 1275; x_wconf 87' lang='lat' dir='ltr'>quam</span> <span class='ocrx_word' id='word_1_161' title='bbox 543 1221 672 1261; x_wconf 90' lang='lat' dir='ltr'>duum</span> <span class='ocrx_word' id='word_1_162' title='bbox 695 1221 870 1261; x_wconf 88' lang='lat' dir='ltr'>millium</span> <span class='ocrx_word' id='word_1_163' title='bbox 891 1221 1014 1262; x_wconf 87' lang='lat' dir='ltr'>fuisse</span> <span class='ocrx_word' id='word_1_164' title='bbox 1037 1222 1189 1262; x_wconf 84' lang='lat' dir='ltr'>scribit.</span> <span class='ocrx_word' id='word_1_165' title='bbox 1236 1221 1372 1286; x_wconf 77' lang='lat' dir='ltr'>Capta</span> <span class='ocrx_word' id='word_1_166' title='bbox 1391 1221 1488 1262; x_wconf 90' lang='lat' dir='ltr'>alibi</span> <span class='ocrx_word' id='word_1_167' title='bbox 1510 1221 1655 1262; x_wconf 87' lang='lat' dir='ltr'>decem</span> <span class='ocrx_word' id='word_1_168' title='bbox 1678 1221 1769 1261; x_wconf 92' lang='lat' dir='ltr'>mil-</span> 
     </span>
     <span class='ocr_line' id='line_1_25' title="bbox 395 1277 1770 1343; baseline 0.001 -26"><span class='ocrx_word' id='word_1_169' title='bbox 395 1277 448 1318; x_wconf 86' lang='lat' dir='ltr'>lia</span> <span class='ocrx_word' id='word_1_170' title='bbox 469 1278 664 1343; x_wconf 83' lang='lat' dir='ltr'>capitum,</span> <span class='ocrx_word' id='word_1_171' title='bbox 687 1278 780 1319; x_wconf 89' lang='lat' dir='ltr'>alibi</span> <span class='ocrx_word' id='word_1_172' title='bbox 805 1294 927 1334; x_wconf 87' lang='lat' dir='ltr'>s·up1a</span> <span class='ocrx_word' id='word_1_173' title='bbox 947 1279 1133 1334; x_wconf 87' lang='lat' dir='ltr'>quinque</span> <span class='ocrx_word' id='word_1_174' title='bbox 1157 1288 1199 1320; x_wconf 90' lang='lat' dir='ltr'>et</span> <span class='ocrx_word' id='word_1_175' title='bbox 1219 1279 1366 1333; x_wconf 81' lang='lat' dir='ltr'>viginti</span> <span class='ocrx_word' id='word_1_176' title='bbox 1388 1279 1584 1319; x_wconf 84' lang='lat' dir='ltr'>invenias.</span> <span class='ocrx_word' id='word_1_177' title='bbox 1650 1278 1770 1319; x_wconf 86' lang='lat' dir='ltr'>Scor-</span> 
     </span>
     <span class='ocr_line' id='line_1_26' title="bbox 394 1335 1766 1391; baseline 0.001 -17"><span class='ocrx_word' id='word_1_178' title='bbox 394 1335 538 1389; x_wconf 89' lang='lat' dir='ltr'>piones</span> <span class='ocrx_word' id='word_1_179' title='bbox 560 1335 733 1376; x_wconf 82' lang='lat' dir='ltr'>maiores</span> <span class='ocrx_word' id='word_1_180' title='bbox 753 1336 1016 1391; x_wconf 85' lang='lat' dir='ltr'>minoresque</span> <span class='ocrx_word' id='word_1_181' title='bbox 1045 1336 1098 1376; x_wconf 87' lang='lat' dir='ltr'>ad</span> <span class='ocrx_word' id='word_1_182' title='bbox 1128 1337 1342 1391; x_wconf 78' lang='lat' dir='ltr'>sexaginta</span> <span class='ocrx_word' id='word_1_183' title='bbox 1362 1345 1502 1391; x_wconf 86' lang='lat' dir='ltr'>captos</span> <span class='ocrx_word' id='word_1_184' title='bbox 1522 1336 1766 1391; x_wconf 87' lang='lat' dir='ltr'>scripserim,</span> 
     </span>
     <span class='ocr_line' id='line_1_27' title="bbox 394 1392 1800 1448; baseline 0.004 -17"><span class='ocrx_word' id='word_1_185' title='bbox 394 1392 427 1431; x_wconf 89' lang='lat' dir='ltr'>si</span> <span class='ocrx_word' id='word_1_186' title='bbox 449 1401 658 1433; x_wconf 87' lang='lat' dir='ltr'>auctorem</span> <span class='ocrx_word' id='word_1_187' title='bbox 684 1392 892 1434; x_wconf 81' lang='lat' dir='ltr'>Giaecum</span> <span class='ocrx_word' id='word_1_188' title='bbox 913 1408 1062 1448; x_wconf 85' lang='lat' dir='ltr'>sequar</span> <span class='ocrx_word' id='word_1_189' title='bbox 1085 1393 1294 1434; x_wconf 89' lang='lat' dir='ltr'>Silenum.</span> <span class='ocrx_word' id='word_1_190' title='bbox 1328 1393 1360 1433; x_wconf 92' lang='lat' dir='ltr'>si</span> <span class='ocrx_word' id='word_1_191' title='bbox 1382 1393 1596 1434; x_wconf 85' lang='lat' dir='ltr'>Valerium</span> <span class='ocrx_word' id='word_1_192' title='bbox 1618 1392 1800 1436; x_wconf 86' lang='lat' dir='ltr'>Antia—6</span> 
     </span>
     <span class='ocr_line' id='line_1_28' title="bbox 395 1450 1763 1506; baseline 0.001 -18"><span class='ocrx_word' id='word_1_193' title='bbox 395 1457 491 1498; x_wconf 87' lang='lat' dir='ltr'>tem,</span> <span class='ocrx_word' id='word_1_194' title='bbox 515 1450 715 1490; x_wconf 87' lang='lat' dir='ltr'>maiorum</span> <span class='ocrx_word' id='word_1_195' title='bbox 747 1450 1011 1506; x_wconf 87' lang='lat' dir='ltr'>scorpionum</span> <span class='ocrx_word' id='word_1_196' title='bbox 1043 1465 1115 1490; x_wconf 84' lang='lat' dir='ltr'>sex</span> <span class='ocrx_word' id='word_1_197' title='bbox 1146 1450 1286 1499; x_wconf 82' lang='lat' dir='ltr'>millia,</span> <span class='ocrx_word' id='word_1_198' title='bbox 1309 1451 1517 1491; x_wconf 90' lang='lat' dir='ltr'>minorum</span> <span class='ocrx_word' id='word_1_199' title='bbox 1542 1450 1763 1490; x_wconf 87' lang='lat' dir='ltr'>tredecim:</span> 
     </span>
     <span class='ocr_line' id='line_1_29' title="bbox 394 1505 1766 1562; baseline 0.001 -17"><span class='ocrx_word' id='word_1_200' title='bbox 394 1505 498 1546; x_wconf 87' lang='lat' dir='ltr'>adeo</span> <span class='ocrx_word' id='word_1_201' title='bbox 520 1506 657 1547; x_wconf 89' lang='lat' dir='ltr'>nullus</span> <span class='ocrx_word' id='word_1_202' title='bbox 679 1507 908 1548; x_wconf 88' lang='lat' dir='ltr'>mentiendi</span> <span class='ocrx_word' id='word_1_203' title='bbox 930 1507 1078 1547; x_wconf 88' lang='lat' dir='ltr'>modus</span> <span class='ocrx_word' id='word_1_204' title='bbox 1101 1517 1173 1549; x_wconf 88' lang='lat' dir='ltr'>est.</span> <span class='ocrx_word' id='word_1_205' title='bbox 1236 1507 1303 1548; x_wconf 89' lang='lat' dir='ltr'>Ne</span> <span class='ocrx_word' id='word_1_206' title='bbox 1322 1508 1378 1548; x_wconf 85' lang='lat' dir='ltr'>de</span> <span class='ocrx_word' id='word_1_207' title='bbox 1400 1507 1574 1548; x_wconf 85' lang='lat' dir='ltr'>ducibus</span> <span class='ocrx_word' id='word_1_208' title='bbox 1595 1506 1766 1562; x_wconf 86' lang='lat' dir='ltr'>quidem</span> 
     </span>
     <span class='ocr_line' id='line_1_30' title="bbox 393 1563 1766 1620; baseline 0.001 -18"><span class='ocrx_word' id='word_1_209' title='bbox 393 1563 599 1603; x_wconf 81' lang='lat' dir='ltr'>convenit.</span> <span class='ocrx_word' id='word_1_210' title='bbox 662 1564 857 1619; x_wconf 88' lang='lat' dir='ltr'>Plerique</span> <span class='ocrx_word' id='word_1_211' title='bbox 894 1564 1085 1604; x_wconf 84' lang='lat' dir='ltr'>Laelium</span> <span class='ocrx_word' id='word_1_212' title='bbox 1120 1565 1343 1620; x_wconf 75' lang='lat' dir='ltr'>praefuisse</span> <span class='ocrx_word' id='word_1_213' title='bbox 1377 1564 1516 1613; x_wconf 88' lang='grc'><strong>013551;</strong></span> <span class='ocrx_word' id='word_1_214' title='bbox 1551 1573 1658 1613; x_wconf 90' lang='lat' dir='ltr'>sunt,</span> <span class='ocrx_word' id='word_1_215' title='bbox 1693 1563 1766 1619; x_wconf 93' lang='lat' dir='ltr'>qui</span> 
     </span>
     <span class='ocr_line' id='line_1_31' title="bbox 394 1618 1765 1677; baseline 0.002 -19"><span class='ocrx_word' id='word_1_216' title='bbox 394 1618 455 1659; x_wconf 90' lang='grc' dir='ltr'>Μ.</span> <span class='ocrx_word' id='word_1_217' title='bbox 481 1619 647 1660; x_wconf 89' lang='lat' dir='ltr'>Iunium</span> <span class='ocrx_word' id='word_1_218' title='bbox 688 1621 874 1661; x_wconf 85' lang='lat' dir='ltr'>Silanum</span> <span class='ocrx_word' id='word_1_219' title='bbox 910 1621 1062 1662; x_wconf 87' lang='lat' dir='ltr'>dicant.</span> <span class='ocrx_word' id='word_1_220' title='bbox 1130 1622 1306 1662; x_wconf 85' lang='lat' dir='ltr'>Arinem</span> <span class='ocrx_word' id='word_1_221' title='bbox 1346 1621 1567 1677; x_wconf 85' lang='lat' dir='ltr'>praefuisse</span> <span class='ocrx_word' id='word_1_222' title='bbox 1604 1621 1765 1661; x_wconf 90' lang='lat' dir='ltr'>Punico</span> 
     </span>
     <span class='ocr_line' id='line_1_32' title="bbox 392 1677 1766 1733; baseline 0.002 -17"><span class='ocrx_word' id='word_1_223' title='bbox 392 1677 610 1730; x_wconf 81' lang='lat' dir='ltr'>plaesidio,</span> <span class='ocrx_word' id='word_1_224' title='bbox 642 1677 914 1732; x_wconf 87' lang='lat' dir='ltr'>deditumque</span> <span class='ocrx_word' id='word_1_225' title='bbox 949 1678 1161 1727; x_wconf 82' lang='lat' dir='ltr'>Rommis,</span> <span class='ocrx_word' id='word_1_226' title='bbox 1192 1679 1342 1719; x_wconf 85' lang='lat' dir='ltr'>Antias</span> <span class='ocrx_word' id='word_1_227' title='bbox 1371 1678 1582 1726; x_wconf 82' lang='lat' dir='ltr'>Valerius3</span> <span class='ocrx_word' id='word_1_228' title='bbox 1617 1677 1766 1733; x_wconf 82' lang='lat' dir='ltr'>Mago-</span> 
     </span>
     <span class='ocr_line' id='line_1_33' title="bbox 392 1733 1765 1790; baseline 0.001 -17"><span class='ocrx_word' id='word_1_229' title='bbox 392 1748 488 1773; x_wconf 89' lang='lat' dir='ltr'>nem</span> <span class='ocrx_word' id='word_1_230' title='bbox 510 1733 578 1774; x_wconf 84' lang='lat' dir='ltr'>alii</span> <span class='ocrx_word' id='word_1_231' title='bbox 599 1734 816 1790; x_wconf 84' lang='lat' dir='ltr'>scriptores</span> <span class='ocrx_word' id='word_1_232' title='bbox 839 1734 1018 1774; x_wconf 86' lang='lat' dir='ltr'>tradunt.</span> <span class='ocrx_word' id='word_1_233' title='bbox 1082 1734 1181 1775; x_wconf 89' lang='lat' dir='ltr'>Non</span> <span class='ocrx_word' id='word_1_234' title='bbox 1203 1735 1255 1775; x_wconf 90' lang='lat' dir='ltr'>de</span> <span class='ocrx_word' id='word_1_235' title='bbox 1277 1750 1449 1776; x_wconf 90' lang='lat' dir='ltr'>numero</span> <span class='ocrx_word' id='word_1_236' title='bbox 1480 1736 1647 1776; x_wconf 87' lang='lat' dir='ltr'>navium</span> <span class='ocrx_word' id='word_1_237' title='bbox 1669 1750 1765 1790; x_wconf 87' lang='lat' dir='ltr'>cap-</span> 
     </span>
     <span class='ocr_line' id='line_1_34' title="bbox 392 1791 1763 1847; baseline 0.001 -17"><span class='ocrx_word' id='word_1_238' title='bbox 392 1798 538 1839; x_wconf 86' lang='lat' dir='ltr'>tarum,</span> <span class='ocrx_word' id='word_1_239' title='bbox 575 1806 659 1831; x_wconf 90' lang='lat' dir='ltr'>non</span> <span class='ocrx_word' id='word_1_240' title='bbox 691 1791 742 1832; x_wconf 93' lang='lat' dir='ltr'>de</span> <span class='ocrx_word' id='word_1_241' title='bbox 778 1791 961 1846; x_wconf 87' lang='lat' dir='ltr'>pondere</span> <span class='ocrx_word' id='word_1_242' title='bbox 1005 1792 1092 1831; x_wconf 88' lang='lat' dir='ltr'>auri</span> <span class='ocrx_word' id='word_1_243' title='bbox 1129 1800 1253 1846; x_wconf 89' lang='lat' dir='ltr'>atque</span> <span class='ocrx_word' id='word_1_244' title='bbox 1292 1792 1463 1847; x_wconf 81' lang='lat' dir='ltr'>argenti,</span> <span class='ocrx_word' id='word_1_245' title='bbox 1496 1801 1538 1832; x_wconf 91' lang='lat' dir='ltr'>et</span> <span class='ocrx_word' id='word_1_246' title='bbox 1573 1791 1763 1832; x_wconf 86' lang='lat' dir='ltr'>redactae</span> 
     </span>
     <span class='ocr_line' id='line_1_35' title="bbox 391 1847 1764 1903; baseline 0.001 -16"><span class='ocrx_word' id='word_1_247' title='bbox 391 1848 605 1902; x_wconf 87' lang='lat' dir='ltr'>pecuniae,</span> <span class='ocrx_word' id='word_1_248' title='bbox 628 1848 833 1889; x_wconf 89' lang='lat' dir='ltr'>convenit.</span> <span class='ocrx_word' id='word_1_249' title='bbox 898 1848 941 1889; x_wconf 90' lang='lat' dir='ltr'>Si</span> <span class='ocrx_word' id='word_1_250' title='bbox 963 1847 1167 1903; x_wconf 87' lang='lat' dir='ltr'>aliquibus</span> <span class='ocrx_word' id='word_1_251' title='bbox 1189 1849 1376 1889; x_wconf 84' lang='lat' dir='ltr'>assentiri</span> <span class='ocrx_word' id='word_1_252' title='bbox 1398 1863 1563 1889; x_wconf 89' lang='lat' dir='ltr'>necesse</span> <span class='ocrx_word' id='word_1_253' title='bbox 1585 1857 1658 1896; x_wconf 83' lang='lat' dir='ltr'>est,</span> <span class='ocrx_word' id='word_1_254' title='bbox 1677 1863 1764 1888; x_wconf 89' lang='lat' dir='ltr'>me-</span> 
     </span>
     <span class='ocr_line' id='line_1_36' title="bbox 391 1903 1763 1961; baseline 0 -17"><span class='ocrx_word' id='word_1_255' title='bbox 391 1903 460 1944; x_wconf 87' lang='lat' dir='ltr'>dia</span> <span class='ocrx_word' id='word_1_256' title='bbox 488 1904 695 1946; x_wconf 90' lang='lat' dir='ltr'>simillima</span> <span class='ocrx_word' id='word_1_257' title='bbox 724 1906 829 1946; x_wconf 86' lang='lat' dir='ltr'>veris</span> <span class='ocrx_word' id='word_1_258' title='bbox 859 1914 966 1946; x_wconf 86' lang='lat' dir='ltr'>sunt.</span> <span class='ocrx_word' id='word_1_259' title='bbox 1031 1904 1230 1946; x_wconf 90' lang='lat' dir='ltr'>Ceterum</span> <span class='ocrx_word' id='word_1_260' title='bbox 1260 1905 1410 1961; x_wconf 85' lang='lat' dir='ltr'>Scipio,</span> <span class='ocrx_word' id='word_1_261' title='bbox 1432 1906 1586 1946; x_wconf 85' lang='lat' dir='ltr'>vocatis</span> <span class='ocrx_word' id='word_1_262' title='bbox 1611 1904 1763 1945; x_wconf 84' lang='lat' dir='ltr'>obsidi-</span> 
     </span>
     <span class='ocr_line' id='line_1_37' title="bbox 390 1961 1762 2017; baseline 0.001 -16"><span class='ocrx_word' id='word_1_263' title='bbox 390 1961 478 2010; x_wconf 85' lang='lat' dir='ltr'>bus,</span> <span class='ocrx_word' id='word_1_264' title='bbox 496 1962 677 2017; x_wconf 89' lang='lat' dir='ltr'>primum</span> <span class='ocrx_word' id='word_1_265' title='bbox 694 1963 904 2003; x_wconf 86' lang='lat' dir='ltr'>universos</span> <span class='ocrx_word' id='word_1_266' title='bbox 925 1963 1080 2002; x_wconf 90' lang='lat' dir='ltr'>bonum</span> <span class='ocrx_word' id='word_1_267' title='bbox 1103 1963 1287 2003; x_wconf 84' lang='lat' dir='ltr'>animum</span> <span class='ocrx_word' id='word_1_268' title='bbox 1308 1962 1459 2003; x_wconf 87' lang='lat' dir='ltr'>habere</span> <span class='ocrx_word' id='word_1_269' title='bbox 1481 1962 1608 2002; x_wconf 89' lang='lat' dir='ltr'>iussit.</span> <span class='ocrx_word' id='word_1_270' title='bbox 1653 1967 1664 1985; x_wconf 76' lang='lat'><strong><em>⁶</em></strong></span> <span class='ocrx_word' id='word_1_271' title='bbox 1678 1961 1762 2002; x_wconf 91' lang='lat' dir='ltr'>Ve-</span> 
     </span>
     <span class='ocr_line' id='line_1_38' title="bbox 392 2019 1761 2074; baseline 0 -15"><span class='ocrx_word' id='word_1_272' title='bbox 392 2019 526 2059; x_wconf 81' lang='lat' dir='ltr'>‘nisse</span> <span class='ocrx_word' id='word_1_273' title='bbox 562 2034 632 2059; x_wconf 89' lang='lat' dir='ltr'>eos</span> <span class='ocrx_word' id='word_1_274' title='bbox 667 2020 710 2059; x_wconf 91' lang='lat' dir='ltr'>in</span> <span class='ocrx_word' id='word_1_275' title='bbox 746 2019 890 2074; x_wconf 89' lang='lat' dir='ltr'>populi</span> <span class='ocrx_word' id='word_1_276' title='bbox 924 2019 1103 2059; x_wconf 80' lang='lat' dir='ltr'>Romani</span> <span class='ocrx_word' id='word_1_277' title='bbox 1144 2028 1405 2074; x_wconf 88' lang='lat' dir='ltr'>potestatem,</span> <span class='ocrx_word' id='word_1_278' title='bbox 1441 2019 1512 2074; x_wconf 90' lang='lat' dir='ltr'>qui</span> <span class='ocrx_word' id='word_1_279' title='bbox 1544 2019 1761 2068; x_wconf 90' lang='lat' dir='ltr'>beneficio,</span> 
     </span>
     <span class='ocr_line' id='line_1_39' title="bbox 392 2076 1763 2132; baseline 0.001 -17"><span class='ocrx_word' id='word_1_280' title='bbox 392 2081 543 2130; x_wconf 79' lang='lat' dir='ltr'>‘quam</span> <span class='ocrx_word' id='word_1_281' title='bbox 577 2084 704 2125; x_wconf 85' lang='lat' dir='ltr'>metu,</span> <span class='ocrx_word' id='word_1_282' title='bbox 736 2076 917 2132; x_wconf 80' lang='lat' dir='ltr'>obligare</span> <span class='ocrx_word' id='word_1_283' title='bbox 948 2076 1138 2117; x_wconf 88' lang='lat' dir='ltr'>homines</span> <span class='ocrx_word' id='word_1_284' title='bbox 1168 2076 1306 2124; x_wconf 82' lang='lat' dir='ltr'>malit3</span> <span class='ocrx_word' id='word_1_285' title='bbox 1344 2085 1587 2131; x_wconf 86' lang='lat' dir='ltr'>exterasque</span> <span class='ocrx_word' id='word_1_286' title='bbox 1618 2084 1763 2131; x_wconf 82' lang='lat' dir='ltr'>gentes</span> 
     </span>
     <span class='ocr_line' id='line_1_40' title="bbox 391 2132 1762 2188; baseline 0.001 -16"><span class='ocrx_word' id='word_1_287' title='bbox 391 2138 402 2155; x_wconf 86' lang='lat'>‘</span> <span class='ocrx_word' id='word_1_288' title='bbox 417 2132 499 2173; x_wconf 86' lang='lat' dir='ltr'>fide</span> <span class='ocrx_word' id='word_1_289' title='bbox 521 2148 568 2173; x_wconf 87' lang='lat' dir='ltr'>ac</span> <span class='ocrx_word' id='word_1_290' title='bbox 589 2133 783 2174; x_wconf 86' lang='lat' dir='ltr'>societate</span> <span class='ocrx_word' id='word_1_291' title='bbox 805 2134 965 2174; x_wconf 86' lang='lat' dir='ltr'>iunctas</span> <span class='ocrx_word' id='word_1_292' title='bbox 995 2133 1160 2182; x_wconf 88' lang='lat' dir='ltr'>habere,</span> <span class='ocrx_word' id='word_1_293' title='bbox 1183 2148 1307 2188; x_wconf 88' lang='lat' dir='ltr'>quam</span> <span class='ocrx_word' id='word_1_294' title='bbox 1331 2133 1435 2173; x_wconf 88' lang='lat' dir='ltr'>tristi</span> <span class='ocrx_word' id='word_1_295' title='bbox 1455 2133 1659 2173; x_wconf 86' lang='lat' dir='ltr'>subiectas</span> <span class='ocrx_word' id='word_1_296' title='bbox 1679 2147 1762 2173; x_wconf 88' lang='lat' dir='ltr'>ser-</span> 
     </span>
    </p>
   </div>
   <div class='ocr_carea' id='block_1_7' title="bbox 1096 2288 1762 2540">
    <p class='ocr_par' dir='ltr' id='par_1_9' title="bbox 1096 2288 1762 2540">
     <span class='ocr_line' id='line_1_41' title="bbox 1097 2288 1762 2329; baseline -0.002 -9"><span class='ocrx_word' id='word_1_297' title='bbox 1097 2294 1130 2320; x_wconf 86' lang='lat' dir='ltr'>to</span> <span class='ocrx_word' id='word_1_298' title='bbox 1146 2290 1271 2320; x_wconf 82' lang='lat' dir='ltr'>silentio</span> <span class='ocrx_word' id='word_1_299' title='bbox 1288 2290 1422 2329; x_wconf 79' lang='lat' dir='ltr'>premit?</span> <span class='ocrx_word' id='word_1_300' title='bbox 1469 2290 1561 2320; x_wconf 87' lang='lat' dir='ltr'>Idem</span> <span class='ocrx_word' id='word_1_301' title='bbox 1582 2294 1613 2319; x_wconf 88' lang='lat' dir='ltr'>et</span> <span class='ocrx_word' id='word_1_302' title='bbox 1636 2288 1668 2319; x_wconf 85' lang='lat' dir='ltr'>in</span> <span class='ocrx_word' id='word_1_303' title='bbox 1690 2290 1762 2320; x_wconf 85' lang='lat' dir='ltr'>aliis</span> 
     </span>
     <span class='ocr_line' id='line_1_42' title="bbox 1098 2331 1760 2370; baseline -0.002 -8"><span class='ocrx_word' id='word_1_304' title='bbox 1098 2332 1174 2362; x_wconf 82' lang='lat' dir='ltr'>locis</span> <span class='ocrx_word' id='word_1_305' title='bbox 1195 2333 1234 2362; x_wconf 82' lang='lat' dir='ltr'>ab</span> <span class='ocrx_word' id='word_1_306' title='bbox 1251 2343 1288 2362; x_wconf 87' lang='lat' dir='ltr'>eo</span> <span class='ocrx_word' id='word_1_307' title='bbox 1304 2332 1484 2362; x_wconf 83' lang='lat' dir='ltr'>factitatum</span> <span class='ocrx_word' id='word_1_308' title='bbox 1506 2331 1674 2370; x_wconf 84' lang='lat' dir='ltr'>aliquoties</span> <span class='ocrx_word' id='word_1_309' title='bbox 1696 2332 1760 2362; x_wconf 87' lang='lat' dir='ltr'>iam</span> 
     </span>
     <span class='ocr_line' id='line_1_43' title="bbox 1098 2374 1761 2413; baseline -0.002 -9"><span class='ocrx_word' id='word_1_310' title='bbox 1098 2375 1290 2412; x_wconf 73' lang='lat' dir='ltr'>monuimus,</span> <span class='ocrx_word' id='word_1_311' title='bbox 1319 2378 1355 2404; x_wconf 88' lang='lat' dir='ltr'>ut</span> <span class='ocrx_word' id='word_1_312' title='bbox 1387 2374 1419 2404; x_wconf 89' lang='lat' dir='ltr'>in</span> <span class='ocrx_word' id='word_1_313' title='bbox 1451 2374 1585 2404; x_wconf 80' lang='lat' dir='ltr'>transitu</span> <span class='ocrx_word' id='word_1_314' title='bbox 1615 2374 1761 2413; x_wconf 84' lang='lat' dir='ltr'>Alpium,</span> 
     </span>
     <span class='ocr_line' id='line_1_44' title="bbox 1096 2416 1759 2456; baseline -0.002 -10"><span class='ocrx_word' id='word_1_315' title='bbox 1096 2417 1225 2447; x_wconf 79' lang='lat' dir='ltr'>Tarenti</span> <span class='ocrx_word' id='word_1_316' title='bbox 1248 2416 1436 2455; x_wconf 86' lang='lat' dir='ltr'>proditione,</span> <span class='ocrx_word' id='word_1_317' title='bbox 1453 2416 1687 2455; x_wconf 81' lang='lat' dir='ltr'>expugnatione</span> <span class='ocrx_word' id='word_1_318' title='bbox 1703 2416 1759 2456; x_wconf 86' lang='lat' dir='ltr'>Sy-</span> 
     </span>
     <span class='ocr_line' id='line_1_45' title="bbox 1096 2458 1760 2495; baseline 0 -7"><span class='ocrx_word' id='word_1_319' title='bbox 1096 2469 1287 2495; x_wconf 74' lang='lat' dir='ltr'>racusarum,</span> <span class='ocrx_word' id='word_1_320' title='bbox 1308 2463 1367 2489; x_wconf 88' lang='lat' dir='ltr'>etc.</span> <span class='ocrx_word' id='word_1_321' title='bbox 1412 2460 1563 2489; x_wconf 87' lang='lat' dir='ltr'>Ceterum</span> <span class='ocrx_word' id='word_1_322' title='bbox 1587 2459 1626 2488; x_wconf 85' lang='lat' dir='ltr'>de</span> <span class='ocrx_word' id='word_1_323' title='bbox 1651 2458 1760 2488; x_wconf 87' lang='lat' dir='ltr'>Sileno</span> 
     </span>
     <span class='ocr_line' id='line_1_46' title="bbox 1096 2501 1758 2540; baseline -0.002 -9"><span class='ocrx_word' id='word_1_324' title='bbox 1096 2501 1243 2531; x_wconf 80' lang='lat' dir='ltr'>historico</span> <span class='ocrx_word' id='word_1_325' title='bbox 1268 2511 1370 2540; x_wconf 85' lang='lat' dir='ltr'>pauca</span> <span class='ocrx_word' id='word_1_326' title='bbox 1389 2501 1478 2530; x_wconf 88' lang='lat' dir='ltr'>nobis</span> <span class='ocrx_word' id='word_1_327' title='bbox 1494 2501 1629 2530; x_wconf 85' lang='lat' dir='ltr'>dicenda</span> <span class='ocrx_word' id='word_1_328' title='bbox 1644 2510 1758 2539; x_wconf 86' lang='lat' dir='ltr'>suppe-</span> 
     </span>
    </p>
   </div>
   <div class='ocr_carea' id='block_1_8' title="bbox 387 2290 1053 2532">
    <p class='ocr_par' dir='ltr' id='par_1_10' title="bbox 387 2290 1053 2532">
     <span class='ocr_line' id='line_1_47' title="bbox 432 2290 1052 2331; baseline -0.002 -11"><span class='ocrx_word' id='word_1_329' title='bbox 432 2299 448 2330; x_wconf 80' lang='lat'>5</span> <span class='ocrx_word' id='word_1_330' title='bbox 465 2292 725 2331; x_wconf 80' lang='lat' dir='ltr'>Saeramentique</span> <span class='ocrx_word' id='word_1_331' title='bbox 737 2292 935 2331; x_wconf 71' lang='lat' dir='ltr'>reliyz&#39;onem]</span> <span class='ocrx_word' id='word_1_332' title='bbox 951 2290 1052 2329; x_wconf 85' lang='lat' dir='ltr'>Quip-</span> 
     </span>
     <span class='ocr_line' id='line_1_48' title="bbox 389 2333 1053 2372; baseline -0.002 -9"><span class='ocrx_word' id='word_1_333' title='bbox 389 2343 429 2372; x_wconf 87' lang='lat' dir='ltr'>pe</span> <span class='ocrx_word' id='word_1_334' title='bbox 457 2333 586 2363; x_wconf 86' lang='lat' dir='ltr'>Laelius</span> <span class='ocrx_word' id='word_1_335' title='bbox 612 2334 787 2372; x_wconf 87' lang='lat' dir='ltr'>periculum</span> <span class='ocrx_word' id='word_1_336' title='bbox 815 2344 882 2363; x_wconf 81' lang='lat' dir='ltr'>esse</span> <span class='ocrx_word' id='word_1_337' title='bbox 909 2334 1053 2372; x_wconf 82' lang='lat' dir='ltr'>putabat,</span> 
     </span>
     <span class='ocr_line' id='line_1_49' title="bbox 389 2375 1052 2414; baseline 0 -10"><span class='ocrx_word' id='word_1_338' title='bbox 389 2386 440 2412; x_wconf 81' lang='grc'><strong>116,</strong></span> <span class='ocrx_word' id='word_1_339' title='bbox 464 2375 516 2414; x_wconf 88' lang='lat' dir='ltr'>qui</span> <span class='ocrx_word' id='word_1_340' title='bbox 538 2386 594 2414; x_wconf 89' lang='lat' dir='ltr'>per</span> <span class='ocrx_word' id='word_1_341' title='bbox 616 2376 703 2414; x_wconf 84' lang='lat' dir='ltr'>signa</span> <span class='ocrx_word' id='word_1_342' title='bbox 726 2375 875 2405; x_wconf 81' lang='lat' dir='ltr'>militaria</span> <span class='ocrx_word' id='word_1_343' title='bbox 896 2375 1052 2414; x_wconf 85' lang='lat' dir='ltr'>peierave—</span> 
     </span>
     <span class='ocr_line' id='line_1_50' title="bbox 388 2417 1051 2453; baseline 0 -7"><span class='ocrx_word' id='word_1_344' title='bbox 388 2417 462 2453; x_wconf 83' lang='lat' dir='ltr'>rint,</span> <span class='ocrx_word' id='word_1_345' title='bbox 478 2418 589 2447; x_wconf 84' lang='lat' dir='ltr'>eadem</span> <span class='ocrx_word' id='word_1_346' title='bbox 612 2418 677 2448; x_wconf 83' lang='lat' dir='ltr'>irae</span> <span class='ocrx_word' id='word_1_347' title='bbox 696 2419 825 2448; x_wconf 85' lang='lat' dir='ltr'>deorum</span> <span class='ocrx_word' id='word_1_348' title='bbox 843 2418 1004 2453; x_wconf 84' lang='lat' dir='ltr'>obiiciant,</span> <span class='ocrx_word' id='word_1_349' title='bbox 1020 2421 1051 2447; x_wconf 86' lang='lat' dir='ltr'>et</span> 
     </span>
     <span class='ocr_line' id='line_1_51' title="bbox 387 2459 1050 2499; baseline 0.002 -11"><span class='ocrx_word' id='word_1_350' title='bbox 387 2459 419 2488; x_wconf 90' lang='lat' dir='ltr'>in</span> <span class='ocrx_word' id='word_1_351' title='bbox 458 2470 579 2499; x_wconf 82' lang='lat' dir='ltr'>poenae</span> <span class='ocrx_word' id='word_1_352' title='bbox 616 2464 739 2499; x_wconf 84' lang='lat' dir='ltr'>partem</span> <span class='ocrx_word' id='word_1_353' title='bbox 776 2471 881 2490; x_wconf 82' lang='lat' dir='ltr'>secum</span> <span class='ocrx_word' id='word_1_354' title='bbox 912 2460 1050 2490; x_wconf 85' lang='lat' dir='ltr'>trahant.</span> 
     </span>
     <span class='ocr_line' id='line_1_52' title="bbox 388 2502 492 2532; baseline 0 -1"><span class='ocrx_word' id='word_1_355' title='bbox 388 2502 492 2532; x_wconf 74' lang='lat' dir='ltr'>Cnssv.</span> 
     </span>
    </p>
   </div>
   <div class='ocr_carea' id='block_1_9' title="bbox 387 2543 1052 2876">
    <p class='ocr_par' dir='ltr' id='par_1_11' title="bbox 387 2543 1052 2876">
     <span class='ocr_line' id='line_1_53' title="bbox 430 2543 1052 2585; baseline 0.002 -12"><span class='ocrx_word' id='word_1_356' title='bbox 430 2543 449 2573; x_wconf 95' lang='lat'><strong>6</strong></span> <span class='ocrx_word' id='word_1_357' title='bbox 471 2546 506 2574; x_wconf 84' lang='lat' dir='ltr'>Sz&#39;</span> <span class='ocrx_word' id='word_1_358' title='bbox 524 2550 681 2575; x_wconf 80' lang='lat' dir='ltr'>auctorem</span> <span class='ocrx_word' id='word_1_359' title='bbox 699 2546 854 2576; x_wconf 74' lang='lat' dir='ltr'>Graecum.</span> <span class='ocrx_word' id='word_1_360' title='bbox 874 2556 990 2585; x_wconf 72' lang='lat' dir='ltr'>sequar</span> <span class='ocrx_word' id='word_1_361' title='bbox 1004 2546 1052 2574; x_wconf 76' lang='lat' dir='ltr'>Si-</span> 
     </span>
     <span class='ocr_line' id='line_1_54' title="bbox 387 2587 1052 2625; baseline 0.002 -10"><span class='ocrx_word' id='word_1_362' title='bbox 387 2587 514 2617; x_wconf 77' lang='lat' dir='ltr'>lenum:</span> <span class='ocrx_word' id='word_1_363' title='bbox 537 2588 563 2617; x_wconf 77' lang='lat' dir='ltr'>sz&#39;</span> <span class='ocrx_word' id='word_1_364' title='bbox 586 2588 746 2617; x_wconf 74' lang='lat' dir='ltr'>Valerium</span> <span class='ocrx_word' id='word_1_365' title='bbox 761 2589 941 2625; x_wconf 77' lang='lat' dir='ltr'>Antiatem]</span> <span class='ocrx_word' id='word_1_366' title='bbox 969 2587 1052 2622; x_wconf 78' lang='lat' dir='ltr'>Quis</span> 
     </span>
     <span class='ocr_line' id='line_1_55' title="bbox 388 2629 1050 2668; baseline 0.005 -12"><span class='ocrx_word' id='word_1_367' title='bbox 388 2638 449 2657; x_wconf 89' lang='lat' dir='ltr'>non</span> <span class='ocrx_word' id='word_1_368' title='bbox 474 2629 604 2658; x_wconf 86' lang='lat' dir='ltr'>miretur</span> <span class='ocrx_word' id='word_1_369' title='bbox 619 2629 814 2668; x_wconf 84' lang='lat' dir='ltr'>diligentiam</span> <span class='ocrx_word' id='word_1_370' title='bbox 836 2629 917 2659; x_wconf 74' lang='lat' dir='ltr'>Livii</span> <span class='ocrx_word' id='word_1_371' title='bbox 941 2629 973 2659; x_wconf 88' lang='lat' dir='ltr'>in</span> <span class='ocrx_word' id='word_1_372' title='bbox 996 2640 1050 2668; x_wconf 81' lang='lat' dir='ltr'>ap-</span> 
     </span>
     <span class='ocr_line' id='line_1_56' title="bbox 388 2670 1050 2710; baseline 0.005 -12"><span class='ocrx_word' id='word_1_373' title='bbox 388 2670 544 2706; x_wconf 87' lang='lat' dir='ltr'>pellandis</span> <span class='ocrx_word' id='word_1_374' title='bbox 566 2671 603 2700; x_wconf 88' lang='lat' dir='ltr'>iis</span> <span class='ocrx_word' id='word_1_375' title='bbox 625 2671 806 2701; x_wconf 79' lang='lat' dir='ltr'>auctoribus</span> <span class='ocrx_word' id='word_1_376' title='bbox 824 2682 902 2710; x_wconf 74' lang='lat' dir='ltr'>quos¹</span> <span class='ocrx_word' id='word_1_377' title='bbox 924 2671 1050 2708; x_wconf 85' lang='lat' dir='ltr'>refellit,</span> 
     </span>
     <span class='ocr_line' id='line_1_57' title="bbox 388 2711 1050 2753; baseline 0.008 -15"><span class='ocrx_word' id='word_1_378' title='bbox 388 2711 502 2747; x_wconf 85' lang='lat' dir='ltr'>quibus</span> <span class='ocrx_word' id='word_1_379' title='bbox 524 2713 652 2751; x_wconf 78' lang='lat' dir='ltr'>derogat</span> <span class='ocrx_word' id='word_1_380' title='bbox 677 2713 792 2750; x_wconf 80' lang='lat' dir='ltr'>finem3</span> <span class='ocrx_word' id='word_1_381' title='bbox 821 2715 896 2743; x_wconf 88' lang='lat' dir='ltr'>dum</span> <span class='ocrx_word' id='word_1_382' title='bbox 923 2713 1050 2753; x_wconf 84' lang='lat' dir='ltr'>Polybii</span> 
     </span>
     <span class='ocr_line' id='line_1_58' title="bbox 388 2754 1049 2789; baseline 0.008 -9"><span class='ocrx_word' id='word_1_383' title='bbox 388 2761 515 2789; x_wconf 76' lang='lat' dir='ltr'>nomen,</span> <span class='ocrx_word' id='word_1_384' title='bbox 538 2754 626 2783; x_wconf 78' lang='lat' dir='ltr'>cuius</span> <span class='ocrx_word' id='word_1_385' title='bbox 649 2765 666 2783; x_wconf 84' lang='lat' dir='ltr'>e</span> <span class='ocrx_word' id='word_1_386' title='bbox 689 2755 767 2784; x_wconf 86' lang='lat' dir='ltr'>libro</span> <span class='ocrx_word' id='word_1_387' title='bbox 791 2766 820 2785; x_wconf 83' lang='lat' dir='ltr'>x.</span> <span class='ocrx_word' id='word_1_388' title='bbox 845 2760 943 2785; x_wconf 83' lang='lat' dir='ltr'>totam</span> <span class='ocrx_word' id='word_1_389' title='bbox 968 2756 1049 2785; x_wconf 79' lang='lat' dir='ltr'>hanc</span> 
     </span>
     <span class='ocr_line' id='line_1_59' title="bbox 388 2796 1049 2834; baseline 0.008 -13"><span class='ocrx_word' id='word_1_390' title='bbox 388 2798 587 2831; x_wconf 75' lang='lat' dir='ltr'>expugnatae</span> <span class='ocrx_word' id='word_1_391' title='bbox 600 2796 799 2834; x_wconf 82' lang='lat' dir='ltr'>Carthaginis</span> <span class='ocrx_word' id='word_1_392' title='bbox 816 2797 928 2827; x_wconf 83' lang='lat' dir='ltr'>Novae</span> <span class='ocrx_word' id='word_1_393' title='bbox 946 2808 1049 2826; x_wconf 79' lang='lat' dir='ltr'>narra-</span> 
     </span>
     <span class='ocr_line' id='line_1_60' title="bbox 387 2834 1047 2876; baseline 0.006 -13"><span class='ocrx_word' id='word_1_394' title='bbox 387 2834 504 2864; x_wconf 79' lang='lat' dir='ltr'>tionem</span> <span class='ocrx_word' id='word_1_395' title='bbox 529 2845 608 2873; x_wconf 85' lang='lat' dir='ltr'>pene</span> <span class='ocrx_word' id='word_1_396' title='bbox 624 2838 663 2865; x_wconf 80' lang='lat' dir='ltr'>ad</span> <span class='ocrx_word' id='word_1_397' title='bbox 681 2839 808 2867; x_wconf 75' lang='lat' dir='ltr'>verbum</span> <span class='ocrx_word' id='word_1_398' title='bbox 826 2839 990 2876; x_wconf 60' lang='lat' dir='ltr'>expressit.</span> <span class='ocrx_word' id='word_1_399' title='bbox 1005 2840 1047 2867; x_wconf 83' lang='lat' dir='ltr'>al-</span> 
     </span>
    </p>
   </div>
   <div class='ocr_carea' id='block_1_10' title="bbox 1094 2542 1758 2875">
    <p class='ocr_par' dir='ltr' id='par_1_12' title="bbox 1094 2542 1758 2875">
     <span class='ocr_line' id='line_1_61' title="bbox 1096 2542 1758 2582; baseline -0.002 -9"><span class='ocrx_word' id='word_1_400' title='bbox 1096 2547 1178 2574; x_wconf 81' lang='lat' dir='ltr'>tunt.</span> <span class='ocrx_word' id='word_1_401' title='bbox 1223 2544 1397 2582; x_wconf 79' lang='lat' dir='ltr'>Seripserat</span> <span class='ocrx_word' id='word_1_402' title='bbox 1412 2553 1460 2572; x_wconf 85' lang='lat' dir='ltr'>res</span> <span class='ocrx_word' id='word_1_403' title='bbox 1476 2543 1639 2573; x_wconf 84' lang='lat' dir='ltr'>Romanas</span> <span class='ocrx_word' id='word_1_404' title='bbox 1658 2553 1678 2573; x_wconf 84' lang='lat' dir='ltr'>a</span> <span class='ocrx_word' id='word_1_405' title='bbox 1697 2542 1758 2581; x_wconf 88' lang='lat' dir='ltr'>pri·-</span> 
     </span>
     <span class='ocr_line' id='line_1_62' title="bbox 1096 2584 1757 2621; baseline -0.003 -5"><span class='ocrx_word' id='word_1_406' title='bbox 1096 2586 1217 2616; x_wconf 86' lang='lat' dir='ltr'>mordio</span> <span class='ocrx_word' id='word_1_407' title='bbox 1240 2585 1336 2621; x_wconf 85' lang='lat' dir='ltr'>urbis,</span> <span class='ocrx_word' id='word_1_408' title='bbox 1358 2589 1438 2615; x_wconf 83' lang='lat' dir='ltr'>teste</span> <span class='ocrx_word' id='word_1_409' title='bbox 1459 2584 1555 2615; x_wconf 88' lang='lat' dir='ltr'>Dion.</span> <span class='ocrx_word' id='word_1_410' title='bbox 1574 2585 1593 2614; x_wconf 90' lang='lat' dir='ltr'>i.</span> <span class='ocrx_word' id='word_1_411' title='bbox 1611 2584 1639 2615; x_wconf 89' lang='lat'>6.</span> <span class='ocrx_word' id='word_1_412' title='bbox 1659 2584 1757 2615; x_wconf 86' lang='lat' dir='ltr'>Athe-</span> 
     </span>
     <span class='ocr_line' id='line_1_63' title="bbox 1095 2626 1757 2665; baseline -0.003 -7"><span class='ocrx_word' id='word_1_413' title='bbox 1095 2638 1203 2665; x_wconf 81' lang='lat' dir='ltr'>naeus,</span> <span class='ocrx_word' id='word_1_414' title='bbox 1218 2627 1270 2658; x_wconf 79' lang='lat' dir='ltr'>xii.</span> <span class='ocrx_word' id='word_1_415' title='bbox 1292 2637 1337 2658; x_wconf 85' lang='lat'>11.</span> <span class='ocrx_word' id='word_1_416' title='bbox 1357 2627 1550 2657; x_wconf 85' lang='lat' dir='ltr'>mentionem</span> <span class='ocrx_word' id='word_1_417' title='bbox 1567 2626 1643 2656; x_wconf 84' lang='lat' dir='ltr'>facit</span> <span class='ocrx_word' id='word_1_418' title='bbox 1658 2626 1757 2657; x_wconf 86' lang='lat' dir='ltr'>Sileni</span> 
     </span>
     <span class='ocr_line' id='line_1_64' title="bbox 1095 2668 1756 2708; baseline -0.006 -7"><span class='ocrx_word' id='word_1_419' title='bbox 1095 2669 1264 2707; x_wconf 84' lang='lat' dir='ltr'>Calactini‚</span> <span class='ocrx_word' id='word_1_420' title='bbox 1280 2669 1333 2708; x_wconf 89' lang='lat' dir='ltr'>qui</span> <span class='ocrx_word' id='word_1_421' title='bbox 1348 2669 1511 2698; x_wconf 82' lang='lat' dir='ltr'>hist-oriam</span> <span class='ocrx_word' id='word_1_422' title='bbox 1527 2668 1667 2699; x_wconf 83' lang='lat' dir='ltr'>Siculam</span> <span class='ocrx_word' id='word_1_423' title='bbox 1684 2678 1756 2698; x_wconf 87' lang='lat' dir='ltr'>con-</span> 
     </span>
     <span class='ocr_line' id='line_1_65' title="bbox 1094 2711 1756 2750; baseline -0.006 -8"><span class='ocrx_word' id='word_1_424' title='bbox 1094 2712 1229 2742; x_wconf 80' lang='lat' dir='ltr'>diderit:</span> <span class='ocrx_word' id='word_1_425' title='bbox 1261 2722 1355 2750; x_wconf 88' lang='lat' dir='ltr'>quem</span> <span class='ocrx_word' id='word_1_426' title='bbox 1376 2711 1504 2750; x_wconf 87' lang='lat' dir='ltr'>quidem</span> <span class='ocrx_word' id='word_1_427' title='bbox 1529 2711 1666 2740; x_wconf 85' lang='lat' dir='ltr'>eundem</span> <span class='ocrx_word' id='word_1_428' title='bbox 1689 2719 1756 2739; x_wconf 82' lang='lat' dir='ltr'>esse</span> 
     </span>
     <span class='ocr_line' id='line_1_66' title="bbox 1094 2751 1756 2790; baseline -0.006 -6"><span class='ocrx_word' id='word_1_429' title='bbox 1094 2765 1165 2784; x_wconf 89' lang='lat' dir='ltr'>cum</span> <span class='ocrx_word' id='word_1_430' title='bbox 1183 2755 1243 2784; x_wconf 89' lang='lat' dir='ltr'>hoe</span> <span class='ocrx_word' id='word_1_431' title='bbox 1255 2763 1357 2784; x_wconf 86' lang='lat' dir='ltr'>rerum</span> <span class='ocrx_word' id='word_1_432' title='bbox 1372 2754 1590 2782; x_wconf 78' lang='lat' dir='ltr'>Romanarum</span> <span class='ocrx_word' id='word_1_433' title='bbox 1605 2751 1756 2790; x_wconf 82' lang='lat' dir='ltr'>scriptore</span> 
     </span>
     <span class='ocr_line' id='line_1_67' title="bbox 1094 2792 1753 2831; baseline -0.006 -6"><span class='ocrx_word' id='word_1_434' title='bbox 1094 2796 1173 2826; x_wconf 87' lang='lat' dir='ltr'>nihil</span> <span class='ocrx_word' id='word_1_435' title='bbox 1190 2799 1284 2825; x_wconf 80' lang='lat' dir='ltr'>vetat.</span> <span class='ocrx_word' id='word_1_436' title='bbox 1331 2796 1382 2825; x_wconf 85' lang='lat' dir='ltr'>De</span> <span class='ocrx_word' id='word_1_437' title='bbox 1400 2794 1528 2824; x_wconf 84' lang='lat' dir='ltr'>Valerio</span> <span class='ocrx_word' id='word_1_438' title='bbox 1545 2793 1674 2823; x_wconf 77' lang='lat' dir='ltr'>Antiate</span> <span class='ocrx_word' id='word_1_439' title='bbox 1693 2792 1753 2831; x_wconf 79' lang='lat' dir='ltr'>egi-</span> 
     </span>
     <span class='ocr_line' id='line_1_68' title="bbox 1094 2837 1497 2875; baseline 0 -9"><span class='ocrx_word' id='word_1_440' title='bbox 1094 2848 1164 2867; x_wconf 86' lang='lat' dir='ltr'>mus</span> <span class='ocrx_word' id='word_1_441' title='bbox 1180 2848 1263 2875; x_wconf 80' lang='lat' dir='ltr'>supr.</span> <span class='ocrx_word' id='word_1_442' title='bbox 1280 2837 1323 2866; x_wconf 87' lang='lat' dir='ltr'>iii.</span> <span class='ocrx_word' id='word_1_443' title='bbox 1341 2845 1368 2874; x_wconf 82' lang='lat'>5.</span> <span class='ocrx_word' id='word_1_444' title='bbox 1394 2837 1497 2866; x_wconf 68' lang='lat' dir='ltr'>Cnnv.</span> 
     </span>
    </p>
   </div>
  </div>
 </body>
</html>
