1825 3173
304 101 382 139 106
808 95 956 138 TITI
995 93 1173 137 LIVII

92 196 135 227 U.
153 197 190 227 C.
215 194 451 243 536.magna
480 186 562 227 iam
593 201 646 226 ex
668 193 783 241 parte
815 194 1026 226 certamen
1047 183 1202 223 factum
1233 190 1343 222 erat:
1377 182 1511 223 acrius
1533 191 1685 230 tamen,

90 239 129 269 A.
152 239 190 269 C.
215 236 286 268 ²¹6·
300 259 426 299 quam
443 243 611 292 diutius,
626 251 859 299 pugnatum
876 250 960 289 est;
993 239 1185 296 pulsique
1202 238 1384 279 Romani
1398 239 1558 294 equites
1573 249 1689 293 terga

162 1441 231 1477 48.

298 373 452 414 pugna.

299 309 478 342 vertunt.
544 300 630 341 Sub
647 299 851 355 equestris
865 299 992 338 finem
1008 295 1246 338 certaminis
1262 304 1402 336 coorta
1415 304 1477 336 est
1497 295 1687 351 peditum

367 411 375 413 s
515 357 658 398 Primo
675 366 716 397 et
732 356 887 396 viribus
901 363 943 395 et
965 354 1112 394 animis
1126 367 1244 409 pares
1265 353 1509 393 constabant
1522 351 1688 393 ordines

304 415 435 456 Gallis
458 414 742 470 Hispanisque
761 429 769 453 :
804 412 973 452 tandem
996 409 1191 458 Romani,
1207 409 1281 449 diu
1302 425 1349 450 ac
1369 424 1491 464 saepe
1513 408 1687 457 connisi,

301 487 436 527 aequa
454 472 588 512 fronte
611 471 782 525 acieque
797 469 927 510 densa
947 467 1149 523 impulere
1164 466 1346 507 hostium
1363 481 1544 506 cuneum
1565 465 1688 505 nimis

303 539 485 578 tenuem,
509 543 641 583 eoque
664 541 811 583 parum
832 525 1029 574 validum,
1052 539 1076 564 a
1096 532 1235 564 cetera
1255 522 1564 578 prominentem
1585 522 1684 562 acie.

302 586 497 642 Impulsis
518 585 671 625 deinde
693 599 739 625 ac
763 582 921 638 trepide
936 581 1210 622 referentibus
1230 579 1382 635 pedem
1396 579 1607 620 insistere:
1641 593 1689 619 ac

303 652 446 684 tenore
488 657 573 683 uno
613 656 688 698 per
723 654 920 696 praeceps
967 653 1118 694 pavore
1161 637 1413 692 fugientium
1453 650 1604 691 agmen
1644 635 1688 675 in

303 701 483 741 mediam
505 699 685 755 primum
708 697 839 738 aciem
862 695 977 744 illati,
1000 704 1222 751 postremo,
1245 693 1359 734 nullo
1384 692 1614 741 resistente,
1636 691 1689 732 ad

304 757 488 798 subsidia
510 756 708 797 Afrorum
739 762 1045 810 pervenerunt3
1079 751 1151 807 qui
1174 751 1384 805 utriinque
1407 749 1590 790 reductis
1615 748 1690 789 alis

304 814 587 862 constiterant,
620 811 770 860 media,
803 825 886 866 qua
918 809 1031 850 Galli
1074 808 1337 863 Hispanique
1372 815 1584 855 steterant,
1616 805 1691 846 ali-

304 880 509 926 quantum
530 870 794 925 prominente
817 867 917 908 acie.
983 866 1070 913 Qui
1087 880 1244 906 cuneus
1266 874 1312 904 ut
1333 864 1474 919 pulsus
1496 861 1691 918 aequavit

304 929 483 969 frontem
514 927 709 982 primum,
742 924 896 965 deinde
938 923 1112 963 nitendo
1143 922 1269 962 etiam
1305 921 1442 961 sinum
1475 921 1519 960 in
1551 919 1722 960 medioz

305 985 435 1033 dedit,
460 984 552 1024 Afri
583 983 692 1023 circa
722 982 803 1022 iam
835 995 990 1021 cornua
1019 980 1226 1027 fecerant3
1259 978 1595 1032 irruentibusque
1627 977 1692 1017 in—

305 1050 425 1082 caute
454 1041 497 1080 in
524 1039 709 1080 medium
739 1038 954 1086 Romanis,
977 1036 1289 1077 circumdedere
1317 1034 1421 1075 alas:
1456 1049 1568 1083 mox,
1601 1047 1693 1074 cor-

306 1113 391 1138 nua
420 1096 702 1145 extendendo,
735 1095 918 1136 clausere
950 1103 991 1134 et
1021 1093 1072 1133 ab
1103 1102 1220 1147 tergo
1251 1092 1401 1132 hostes.
1465 1090 1580 1131 Hinc
1605 1090 1692 1130 Ro-

306 1154 431 1204 mani,
469 1153 658 1194 defuncti
698 1152 981 1206 nequicquam
1022 1149 1180 1204 proelio
1222 1164 1319 1197 uno,
1357 1148 1516 1188 omissis
1559 1146 1693 1188 Gallis

307 1211 605 1267 Hispanisque,
633 1222 811 1264 quorum
843 1216 959 1262 terga
988 1205 1237 1254 ceciderant,
1271 1215 1313 1245 et
1342 1204 1537 1245 adversus
1571 1204 1694 1245 Afros

307 1269 512 1324 integram
543 1281 727 1322 pugnam
759 1265 919 1312 ineunt,
952 1278 1037 1304 non
1069 1271 1233 1303 tantum
1264 1277 1314 1302 eo
1344 1261 1546 1316 iniquam,
1579 1260 1694 1316 quod

308 1325 457 1366 inclusi
478 1325 672 1365 adversus
704 1321 987 1369 circumfusos,
1010 1319 1082 1360 sed
1112 1319 1237 1359 etiam
1260 1318 1375 1373 quod
1395 1318 1490 1358 fessi
1511 1332 1606 1358 cum
1629 1332 1695 1358 re-

309 1383 499 1424 centibus
521 1396 567 1422 ac
589 1380 746 1435 vegetis
766 1379 1020 1434 pugnabant.

368 1439 456 1479 Iam
478 1447 520 1479 et
548 1438 592 1477 in
620 1437 784 1477 sinistro
812 1450 942 1475 cornu
972 1435 1178 1482 Romano,
1202 1434 1273 1474 ubi
1301 1433 1506 1473 sociorum
1532 1431 1694 1487 equites

310 1497 504 1537 adversus
552 1493 761 1534 Numidas
807 1500 1018 1540 steterant,
1061 1498 1296 1531 consertum
1344 1489 1549 1545 proelium
1593 1497 1693 1537 erat,

310 1568 435 1609 segne
469 1552 616 1607 primo,
651 1559 693 1591 ct
732 1565 756 1590 a
795 1548 957 1589 Punica
988 1557 1184 1603 coeptum
1217 1547 1374 1587 fraude.
1460 1545 1696 1601 Quingenti

310 1612 439 1652 fcrmc
464 1608 689 1656 Numidae,
712 1615 876 1662 praeter
903 1605 1022 1645 solita
1042 1620 1155 1646 arma
1177 1604 1354 1659 telaque,
1377 1603 1536 1658 gladios
1558 1602 1727 1650 occul-3

312 1678 374 1709 tos
395 1667 470 1707 sub
491 1665 628 1706 loricis
649 1665 863 1711 habentes,
886 1662 1022 1718 specie
1046 1662 1351 1716 transfugarum
1373 1676 1504 1715 quum
1526 1660 1577 1700 ab
1598 1659 1695 1708 suis,

311 1739 473 1781 parmas
493 1731 586 1779 post
603 1731 718 1777 terga
738 1721 950 1767 habentes,
969 1719 1294 1773 adequitassent,
1312 1725 1485 1773 repente
1503 1732 1556 1757 ex
1577 1716 1697 1772 equis

312 1781 535 1828 desiliunt3
587 1778 823 1835 parmisque
856 1785 898 1817 et
929 1775 1072 1816 iaculis
1103 1784 1198 1815 ante
1232 1774 1359 1829 pedes
1390 1774 1571 1814 hostium
1602 1788 1698 1829 pro-

312 1839 441 1887 iectis,
465 1838 508 1877 in
530 1836 710 1877 mediam
739 1835 870 1875 aciem
899 1833 1070 1888 accepti,
1094 1832 1293 1887 ductique
1316 1831 1368 1871 ad
1395 1831 1574 1879 ultimos,
1597 1845 1698 1871 con-

313 1896 446 1937 sidere
469 1895 520 1935 ab
543 1903 658 1949 tergo
680 1893 888 1933 iubentur.
930 1890 1007 1939 Ac,
1030 1889 1132 1930 dum
1152 1889 1357 1944 proelium
1379 1888 1430 1929 ab
1447 1887 1561 1928 omni
1582 1895 1697 1943 parte

314 1952 556 2000 conseritur,
589 1949 721 2006 quieti
752 1956 1017 1989 manserunt:
1067 1955 1287 2002 postquam
1319 1945 1507 1985 omnium
1539 1945 1699 1985 animos

314 2010 538 2064 oculosque
562 2014 835 2063 occupaverat
862 2014 1087 2052 certamen,
1111 2013 1212 2052 tum,
1236 2002 1409 2058 arreptis
1429 2001 1567 2050 scutis,
1591 2016 1697 2056 quae

314 2067 463 2123 passim
487 2067 594 2106 inter
615 2078 780 2105 acervos
802 2077 1015 2103 caesorum
1044 2075 1263 2116 corporum
1285 2068 1412 2100 strata
1432 2069 1562 2108 erant,
1585 2073 1700 2099 aver-

315 2140 401 2165 sam
433 2123 678 2163 adoriuntur
710 2121 943 2161 Romanam
976 2119 1132 2166 aciem3
1182 2127 1380 2172 tergaque
1411 2116 1619 2164 ferientes,
1651 2130 1699 2155 ae.

314 2180 493 2237 poplites
509 2179 744 2226 caedentes,
762 2186 941 2231 stragem
959 2176 1187 2229 ingentem,
1206 2189 1252 2214 ac
1270 2173 1468 2213 maiorem
1485 2172 1700 2227 aliquanto

315 2252 510 2293 pavorem
547 2251 593 2275 ac
631 2233 871 2282 tumultum,
904 2232 1104 2273 fecerunt.
1178 2230 1322 2278 Quum
1356 2229 1453 2269 alibi
1487 2237 1618 2269 terror
1652 2243 1699 2269 ac

315 2295 424 2349 fuga,
443 2293 539 2334 alibi
560 2291 751 2347 pertinax
774 2290 817 2329 in
834 2289 941 2329 mala
957 2289 1038 2328 iam
1061 2303 1132 2343 spe
1150 2287 1355 2342 proelium
1372 2293 1491 2334 esset,
1511 2284 1700 2326 Hasdru·
1712 2307 1731 2334 4

315 2352 394 2401 bal,
413 2351 485 2407 qui
502 2365 551 2391 ea
566 2356 681 2405 parte
700 2355 899 2403 praeerat,
917 2345 1141 2386 subductos
1159 2359 1211 2385 ex
1225 2343 1363 2385 media
1375 2343 1461 2384 acie
1478 2342 1699 2392 Numidas,

361 2506 376 2525 2
403 2495 526 2526 Deinde
541 2493 685 2530 nitendo]
704 2492 734 2521 h.
752 2502 778 2521 e.
797 2489 985 2520 Nitentibus

319 2537 483 2569 Romanis.

362 2591 378 2619 3
405 2582 540 2610 Praeter
561 2580 653 2609 solita
675 2577 783 2614 arma]
819 2575 912 2605 Haec
939 2578 986 2604 est

319 2622 501 2652 coniectura
523 2619 661 2655 Heinsii,
682 2628 777 2657 quam
804 2616 987 2648 Perizonius

320 2665 442 2703 probat.
481 2663 568 2692 Olim
582 2662 759 2701 praeterita
772 2671 879 2689 arma:
904 2662 985 2688 cete-

320 2716 389 2735 rum
415 2709 543 2743 praeter
573 2706 656 2733 iusta
682 2702 818 2732 coniecit
846 2702 986 2732 Gronov.

319 2751 446 2787 praeter
476 2750 625 2775 ronsueta
655 2746 737 2783 vulg.
769 2745 841 2774 edd.
868 2743 988 2782 quippe

320 2788 506 2829 perdifficile
529 2791 573 2816 est
597 2787 679 2816 inter
703 2796 794 2816 voces
817 2787 935 2815 iustum
958 2788 989 2813 et

321 2834 503 2862 consuetum
530 2829 561 2859 in
584 2837 650 2858 MSS.
671 2827 856 2858 diiudicare.
896 2827 988 2856 Haec

1031 2499 1103 2518 vero
1120 2488 1160 2518 de
1173 2486 1324 2518 Numidis
1340 2487 1442 2517 relata
1457 2497 1509 2526 ap.
1527 2485 1701 2526 Polybium

1031 2541 1092 2560 non
1110 2534 1338 2560 memorantur.

1073 2585 1091 2611 4
1108 2573 1305 2607 Hasdrubal,
1316 2572 1371 2612 qui
1380 2582 1418 2602 ea
1427 2575 1522 2610 parte
1529 2570 1699 2610 praeerat]

1033 2616 1126 2645 Haec
1148 2619 1179 2644 et
1200 2624 1282 2653 quae
1298 2618 1474 2652 sequuntur
1489 2612 1620 2642 omnino
1636 2621 1701 2641 eor-

1031 2661 1126 2696 rupta
1141 2660 1226 2693 sunt,
1242 2660 1273 2686 et
1287 2666 1343 2695 pro
1359 2655 1533 2694 deploratis
1543 2654 1700 2684 habenda.

1034 2699 1142 2730 Primo
1155 2699 1238 2729 enim
1253 2698 1437 2728 Hasdrubal
1448 2707 1510 2726 non
1524 2696 1583 2726 hac
1600 2699 1701 2734 parte,

1033 2742 1086 2772 scd
1105 2742 1197 2771 laeva
1219 2744 1371 2779 praeerat.
1417 2738 1544 2768 Deinde
1561 2748 1699 2775 quonam

1034 2784 1128 2813 modo
1145 2782 1278 2812 subduci
1296 2784 1426 2820 possunt
1444 2790 1483 2810 ex
1508 2780 1613 2809 media
1633 2779 1701 2809 acie

1036 2825 1210 2861 Numidae,
1226 2823 1278 2862 qui
1299 2824 1330 2853 in
1352 2823 1464 2852 dextro
1486 2832 1582 2852 cornu
1606 2821 1700 2852 locati
