1871 3178
542 110 663 152 LIB.
700 112 865 153 XXVI.
908 113 1050 154 (JAP.
1087 119 1120 155 7.

1433 121 1513 158 2⁸9

144 209 234 236 mus
274 198 532 251 magistratus
573 200 682 255 apud
718 200 953 256 Campanos
989 212 1062 251 cst,
1097 218 1145 243 eo
1186 219 1294 243 anno
1337 207 1621 261 &fppiusuffu
1645 228 1715 256 5⁴¹-

143 252 290 293 Lesius
310 263 409 303 erat,
433 255 522 295 loeo
547 258 720 297 obscuro
743 258 939 314 tenuique
962 259 1125 300 fortuna
1146 269 1268 301 ortus.
1331 262 1506 304 Matrem

109 310 228 353 9cius
249 311 473 366 quondam,
496 328 569 368 pro
592 315 748 370 pupillo
769 331 817 355 eo
843 326 1130 370 procurantem
1153 318 1350 359 familiare
1373 331 1508 360 osteu-

1525 260 1560 288 A.
1586 261 1622 288 (¹.
1648 270 1715 291 211.

1523 302 1658 339 Seppius

1527 343 1631 372 lwsius
1648 346 1712 374 Me-

141 375 240 415 tum,
264 384 391 423 quum
415 371 690 425 respondisset
712 372 926 428 haruspex,
945 388 1150 414 summum
1173 375 1285 430 quod
1307 386 1410 416 essct
1434 378 1692 417 itu-‹lixtuticus

112 424 298 479 1perium
335 427 518 482 Capuae,
553 438 844 483 perventurum
879 430 931 470 ad
964 445 1057 470 eum
1095 446 1282 485 puerum,
1320 434 1420 474 nibil
1455 430 1660 475 a‹l(‘³¹1‘'·¹²¹¹··

138 495 226 521 eam
249 497 363 538 spem
379 495 682 539 agnoscentem,
701 486 851 526 dixisse
869 487 1018 536 ferunt,
1038 494 1048 510 ‘
1064 488 1155 529 Nae
1179 499 1220 529 tu
1244 490 1423 545 perditas
1445 507 1506 532 res

139 539 473 595 ‘Campanorum
504 557 652 591 narras,
676 543 742 583 ubi
771 558 954 584 summus
979 545 1108 586 honos
1133 546 1184 586 ad
1210 547 1338 587 filium
1367 563 1506 590 meum

107 598 415 650 2‘pervenietX'
458 598 519 639 Ea
551 599 775 640 ludificatio
808 602 891 641 veri
925 612 966 642 et
999 603 1085 658 ipsa
1117 603 1157 643 in
1195 619 1334 645 verum
1369 607 1501 647 vertit.

138 652 248 693 Nam
270 670 398 709 quum
420 655 526 696 fiune
552 656 740 712 ferroque
772 669 1025 713 urgerentur,
1050 675 1125 700 nec
1146 676 1238 716 spes
1260 662 1342 702 ulla
1362 678 1503 718 super-

135 721 252 759 esset,
277 712 335 759 iis,
358 712 430 767 qui
457 713 539 753 nati
564 713 605 752 in
627 729 741 769 spem
771 715 973 756 bonorum
996 727 1124 765 erant,
1148 719 1323 760 honores
1343 720 1503 761 detrec-

135 768 338 817 tantibus3
373 770 530 819 Lesius,
553 771 765 825 querendo
787 773 989 813 desertam
1015 790 1061 815 ac
1083 775 1285 830 proditam
1308 793 1330 817 a
1351 778 1503 832 primo-

133 824 244 865 ribus
287 825 488 881 Capuam,
530 843 735 869 summum
784 831 1065 886 magistratum
1107 832 1274 874 ultimus
1315 836 1499 876 omnium

135 882 442 937 Campanorum
464 885 585 940 cepit.

190 939 389 980 Ceterum
408 941 632 991 Hannibal,
648 953 693 984 ut
706 959 782 985 nec
799 945 935 986 hostes
949 946 1039 986 elici
1058 948 1232 1002 amplius
1248 949 1299 989 ad
1316 965 1496 1005 pugnam

129 995 244 1046 vidit,
267 1012 344 1038 nee
364 1013 439 1053 per
463 1008 592 1040 castra
612 1016 754 1041 eorum
776 1004 985 1058 perrumpi
1007 1004 1058 1044 ad
1083 1005 1270 1060 Capuam
1292 1022 1422 1062 posse,
1446 1024 1496 1048 ne

129 1067 222 1093 suos
244 1069 410 1110 quoquc
433 1068 684 1098 commeatus
712 1059 1034 1101 intercluderent
1062 1063 1156 1102 novi
1182 1064 1381 1113 eonsules,
1408 1066 1498 1105 abs-

128 1110 274 1152 cedere
316 1112 430 1153 irrito
471 1114 648 1169 incepto,
680 1124 721 1155 et
752 1131 915 1157 movere
952 1133 975 1157 a
1008 1118 1153 1173 Capua
1184 1121 1325 1161 statuit
1355 1131 1493 1162 castra.

130 1166 268 1209 Multa
299 1184 451 1219 secum,
486 1186 667 1226 quonam
703 1172 799 1213 inde
832 1174 890 1214 ire
922 1185 1123 1229 pergeret,
1158 1176 1337 1218 volventi
1373 1180 1496 1220 subiit

128 1225 311 1266 animum
334 1226 523 1282 impetus,
542 1238 665 1283 caput
687 1229 819 1284 ipsum
842 1231 936 1271 belli
962 1231 1136 1272 Romam
1159 1235 1344 1289 petendi:
1379 1237 1495 1277 cuius

128 1282 187 1322 rei
207 1297 369 1339 semper
389 1285 551 1340 cupitae
568 1287 893 1340 praetermissam
911 1289 1166 1330 occasionem
1188 1301 1279 1346 post
1298 1292 1495 1334 Cannen-

127 1353 212 1379 sem
234 1355 415 1395 pugnam
437 1350 478 1382 et
499 1342 567 1382 alii
587 1342 709 1398 vulgo
729 1344 968 1394 fremebant,
992 1355 1033 1386 et
1054 1347 1139 1402 ipsc
1161 1363 1243 1389 non
1266 1349 1494 1391 dissimula—

127 1396 207 1437 bat.
271 1403 282 1420 ‘
299 1398 560 1453 Necopinato
588 1415 737 1455 pavore
765 1416 811 1442 ac
839 1403 1032 1451 tumultu,
1055 1419 1138 1445 non
1166 1420 1251 1446 esse
1274 1406 1670 1462 desperan-uannjbal

128 1459 139 1477 ‘
152 1454 265 1503 dum,
287 1455 465 1511 aliquam
483 1466 639 1511 partem
657 1458 768 1498 urbis
784 1460 975 1514 occupari
996 1475 1112 1515 posse
1128 1477 1137 1510 3
1170 1471 1223 1511 ct,
1242 1463 1274 1502 si
1297 1463 1431 1505 Roma
1451 1465 1493 1505 in
1508 1467 1643 1496 Romam

128 1511 389 1553 ‘discrimine
422 1522 540 1562 esset,
572 1514 760 1570 Capuam
791 1516 1000 1572 extemplo
1028 1518 1245 1560 omissuros
1272 1529 1343 1561 aut
1370 1523 1490 1564 ambo

128 1569 416 1624 ‘imperatores
439 1570 661 1620 Romanos,
679 1581 750 1612 aut
768 1572 942 1613 alterum
965 1589 1016 1614 ex
1033 1575 1104 1617 iis:
1139 1585 1191 1625 et,
1210 1577 1241 1616 si
1259 1577 1491 1621 divisissent

126 1631 138 1649 ‘
153 1627 302 1681 copias,
326 1635 546 1682 utrumque
575 1628 841 1670 infirmiorem
870 1630 1023 1671 factum
1054 1641 1125 1673 aut
1153 1634 1241 1682 sibi,
1265 1645 1335 1675 aut
1366 1635 1492 1677 Cam·

127 1689 137 1706 ‘
153 1683 282 1738 panis,
305 1684 408 1724 bene
429 1684 634 1739 gerendae
656 1686 715 1726 rei
740 1687 944 1728 fortunam
966 1688 1133 1730 daturos
1153 1692 1266 1732 essc.'
1326 1692 1423 1734 Una
1444 1710 1492 1736 ea

124 1755 220 1780 cura
259 1741 446 1796 angebat,
484 1757 550 1791 ne,
585 1743 655 1784 ubi
690 1744 958 1794 abscessisset,
992 1747 1200 1802 extemplo
1240 1749 1492 1792 dederentur

126 1796 341 1853 Campani.
405 1798 633 1840 Numidam
661 1810 896 1856 promptum
922 1803 973 1843 ad
996 1805 1134 1844 omnia
1154 1806 1345 1848 audenda
1372 1808 1490 1850 donis

121 1854 289 1909 pellicit,
307 1864 365 1904 ut,
387 1855 514 1897 literis
535 1858 725 1913 acceptis,
743 1860 878 1914 specie
901 1861 1132 1917 transfugae
1149 1873 1279 1904 castra
1302 1864 1491 1908 Romana

122 1912 338 1968 ingressus,
371 1913 498 1954 altera
532 1924 645 1970 parte
685 1915 873 1971 Capuam
909 1917 1013 1958 clam
1053 1920 1259 1974 pervadat.
1323 1922 1488 1964 Literae

121 1982 259 2010 autem
294 1980 411 2011 erant
445 1971 732 2014 adhortatione
773 1973 932 2029 plenae.
996 1975 1323 2018 ‘Profectionem
1359 1995 1486 2029 suam,

123 2031 255 2080 ‘quae
290 2027 477 2069 salutaris
517 2029 594 2069 illis
628 2029 745 2079 foret,
777 2031 1069 2072 abstracturam
1100 2034 1152 2074 ad
1183 2034 1487 2077 defendendam

123 2088 133 2105 ‘
152 2082 328 2124 Romam
363 2086 413 2125 ab
453 2087 733 2142 oppugnanda
770 2086 916 2143 Capua
954 2089 1080 2130 duces
1120 2100 1242 2146 atque
1283 2094 1486 2134 exercitus

123 2145 133 2161 ⁶
152 2139 371 2182 Romanos.
435 2142 502 2183 Ne
534 2143 839 2199 desponderent
869 2145 1049 2187 animos:
1092 2147 1304 2189 tolerando
1334 2165 1486 2205 paucos

122 2202 132 2218 ⁶
148 2196 236 2237 dies
264 2206 389 2239 totam
410 2200 616 2241 soluturos
636 2201 918 2242 obsidionem?
978 2203 1081 2244 Inde
1104 2219 1226 2245 naves
1251 2206 1294 2245 in
1314 2207 1484 2248 flumine

89 2273 106 2301 3
122 2252 331 2295 Vulturno
357 2257 671 2312 comprehensas
698 2259 832 2314 subigi
853 2259 906 2299 ad
927 2260 981 2309 id,
1005 2261 1117 2315 quod
1142 2262 1222 2302 iam
1247 2272 1340 2304 ante
1369 2280 1485 2320 prae-

119 2311 213 2350 sidii
244 2327 364 2352 causa
393 2313 557 2361 fecerat,
583 2315 794 2356 castellum
823 2316 948 2357 iussit.
1015 2317 1200 2365 Quarum
1231 2321 1300 2360 ubi
1329 2331 1484 2363 tantam

165 2476 184 2506 9
210 2467 437 2497 Promo-antem
477 2468 645 2504 familiare
680 2475 778 2499 oslen-

823 2480 895 2500 men
911 2482 1015 2501 verum
1034 2477 1148 2502 eventu
1165 2475 1403 2512 comprobatum
1420 2482 1480 2506 est:

119 2509 201 2545 tum]
229 2508 316 2538 Dum
332 2518 455 2538 sacrum
472 2509 547 2539 facit
563 2510 711 2549 expiandi
724 2511 779 2540 ali-

823 2512 846 2541 si
863 2513 991 2551 quidem
1010 2515 1119 2544 Lesius
1135 2525 1293 2545 summum
1315 2516 1481 2556 imperium

119 2550 208 2580 cuius
223 2550 337 2580 ostenti
353 2561 457 2586 causa,
473 2552 557 2589 quod
581 2562 678 2590 puero
694 2553 778 2582 domi

119 2593 261 2622 oblatum
277 2592 388 2623 fuerat.
413 2593 517 2623 ΟΜΝ.

163 2644 176 2664 1
194 2635 290 2664 Nihil
303 2636 345 2664 ad
358 2645 425 2665 eam
440 2637 541 2673 spem]
567 2635 659 2665 Nihil
676 2636 706 2665 in
723 2646 779 2666 sua

117 2680 173 2706 aut
200 2676 257 2705 filii
280 2681 374 2714 sorte,
397 2678 481 2715 quod
504 2678 544 2707 ad
568 2678 665 2708 talem
688 2689 777 2717 spem

118 2718 285 2757 pertineat.

165 2771 181 2790 α’,
206 2763 257 2791 Ea
273 2763 447 2800 ludificatio
464 2763 528 2791 reri
543 2767 573 2792 el
590 2763 657 2802 ipsa
678 2764 708 2792 in
729 2774 776 2794 rc·-

117 2814 187 2833 rum
214 2805 321 2842 vertit]
362 2804 539 2834 Ludificata
564 2804 665 2835 fuerat
692 2805 776 2835 Lesii

116 2850 218 2875 mater
232 2856 416 2885 responsum
431 2846 617 2886 haruspicis,
632 2848 715 2887 quod
730 2852 775 2878 ta-

171 2900 268 2928 VOIa.
292 2902 336 2929 ΙΙ.

823 2555 955 2593 Capuae
971 2556 1082 2586 tenuit.
1123 2558 1185 2586 Sed
1201 2561 1230 2586 et
1248 2558 1316 2596 ipsa
1331 2559 1387 2588 illa
1404 2560 1481 2591 ludi-

825 2596 929 2626 ficatio
945 2597 1008 2626 veri
1025 2598 1163 2628 vaticinii
1183 2599 1214 2628 iu
1235 2610 1341 2630 verum
1357 2611 1482 2641 quoque

824 2638 924 2668 vertit.
970 2639 1053 2669 Tum
1079 2640 1162 2670 enim
1190 2641 1300 2672 Lesius
1329 2643 1368 2673 ad
1398 2655 1480 2675 sum-

822 2689 909 2710 mum
939 2681 1071 2720 Capuae
1104 2683 1322 2722 magistratum
1354 2692 1481 2717 evectus

822 2727 879 2758 est,
895 2733 992 2761 quum
1016 2725 1158 2762 perditae
1177 2730 1207 2755 et
1229 2727 1412 2765 deploratae
1432 2740 1480 2759 res

821 2764 1056 2803 Campanorum
1073 2772 1170 2798 erant.
1194 2768 1297 2799 Crfflv.

862 2816 878 2845 3
903 2808 1013 2847 Subiyi
1042 2811 1085 2839 ad
1112 2811 1160 2847 id]
1198 2821 1240 2841 sc.
1262 2811 1477 2852 Remigiorum

820 2859 891 2888 ope,
907 2855 941 2879 ut
957 2856 1064 2881 monet
1081 2851 1219 2882 Gronov.

1211 2909 1239 2935 L'

1507 1514 1613 1547 petere
1629 1515 1688 1540 sta-

1503 1551 1574 1583 tuit.
