1871 3178
483 88 606 129 Llss.
643 88 833 129 XXVII.
882 87 1026 128 CAP.
1063 91 1128 127 36.
1423 90 1503 125 :383

94 178 302 223 7micitiae
339 188 476 219 autem
514 179 674 219 nobiles
709 180 816 220 inter
846 195 916 219 cos
949 187 1079 226 crant,
1111 186 1153 218 ct
1186 178 1414 217 acerbiores
1439 194 1506 217 eas
1526 187 1621 216 1³.st
1645 195 1717 225 544·

122 235 461 290 indignioresque
492 236 612 276 Livio
641 252 713 276 sua
746 236 955 276 calamitas
986 235 1150 282 l'eccrat,
1181 233 1295 288 quod
1321 243 1503 287 spretum
1524 231 1560 259 A.
1585 230 1622 259 (ἦ
1647 232 1718 259 ²0⁸·

123 306 165 332 se
201 292 242 331 in
280 308 329 332 ea
361 293 526 333 fortuna
561 293 765 333 credebat.
829 292 977 346 Itaque
1010 292 1043 330 is
1076 290 1205 343 magis
1240 290 1508 344 implacabilis

123 358 232 389 erat:
267 358 320 394 et,
350 355 360 372 ⁶
379 350 481 389 nibil
510 365 614 405 opus
642 365 729 390 csse
759 348 1122 395 reconciliatione‚'
1152 347 1312 386 aicbat:
1349 347 1509 386 ‘acrius

92 410 195 445 8‘et
222 406 421 446 intentius
450 407 589 446 omnia
613 416 812 459 gesturos,
837 406 1030 445 timentes
1059 419 1112 444 ne
1145 403 1359 443 crescendi
1385 418 1435 443 ex
1466 418 1507 442 sc

126 462 323 503 ‘inimico
348 463 528 517 collegae
563 471 743 517 potestas
774 462 918 502 fieret.'
979 461 1093 501 Vicit
1120 470 1259 500 tamen
1288 460 1509 500 auctoritas

123 529 302 565 Senatus,
334 528 391 565 ut,
420 520 563 574 positis
591 519 880 567 simultatibus,
907 518 1120 559 communi
1150 517 1288 557 animo
1318 516 1510 556 consilio-

125 591 206 630 que
233 576 567 616 administrarent
598 575 906 631 rempublicam.
970 575 1214 615 Provinciae
1240 574 1288 613 iis
1311 589 1394 613 non
1417 588 1509 628 per-
1525 579 1713 626 J’royiaciae

124 633 279 673 mixtae
316 633 566 686 regionibus
599 633 704 673 sieut
740 632 1021 687 superioribus
1057 631 1188 679 annis,
1221 630 1293 670 sed
1325 630 1508 670 diversae
1525 631 1559 650 ¹¹⁵
1577 622 1705 651 ‘¹¹⁸'¹³⁴'¹‘'·

124 690 322 730 extremis
340 689 482 730 Italiae
500 690 665 737 finibus,
683 688 800 729 alteri
822 689 1016 729 adversus
1036 687 1318 728 Hannibalem
1343 687 1508 733 Bruttii,

126 745 314 794 Lueani3
353 746 470 786 alteri
510 745 648 786 Gallia
684 746 880 786 adversus
915 745 1235 792 Hasdrubalem,
1271 759 1397 799 quem
1430 744 1508 783 iam

125 802 306 858 Alpibus
331 803 663 858 appropinquare
685 804 793 843 fama
820 811 919 850 erat,
941 802 1118 842 decreta.
1183 801 1427 841 Exercitum
1457 816 1508 841 ex

93 859 299 907 9duobus‚
334 859 407 914 qui
442 860 486 899 in
522 859 671 907 Gallia,
709 860 866 914 quique
903 860 947 899 in
981 858 1148 899 Etruria
1183 867 1332 905 essent,
1367 857 1510 898 addito

126 917 296 965 urbano,
325 916 510 970 eligeret,
540 931 665 971 quem
697 916 851 965 mallet,
882 916 954 971 qui
979 916 1161 956 Galliam
1192 924 1299 956 essct
1329 914 1507 955 sortitus.

128 972 211 1013 Cui
247 972 400 1013 Bruttii
432 973 645 1028 provincia.
677 974 894 1022 evenisset,
928 973 1046 1013 novis
1079 973 1312 1027 legionibus
1345 971 1510 1011 urbanis

125 1030 299 1085 scriptis,
338 1030 469 1070 utrius
510 1030 649 1070 mallet
690 1030 906 1070 consulum
947 1029 1095 1084 prioris
1131 1029 1242 1075 anni,
1280 1028 1510 1068 exercitum

125 1096 316 1127 sumeret.
381 1087 594 1127 Relictum
626 1102 649 1127 a
679 1087 846 1128 consule
881 1086 1112 1127 exercitum
1148 1086 1200 1132 Q.
1221 1085 1388 1124 Fulvius
1416 1099 1511 1139 pro-

126 1143 271 1184 consul
299 1143 531 1198 acciperet3
565 1144 687 1198 eique
712 1144 753 1183 in
775 1158 931 1183 annum
953 1143 1175 1197 imperium
1197 1150 1314 1182 essct.
1379 1140 1433 1181 Et
1458 1141 1507 1180 C.

128 1199 325 1248 Hostilio,
342 1201 409 1240 cui
427 1215 501 1255 pro
520 1200 687 1240 Etruria
704 1200 935 1240 Tarentum
957 1208 1219 1239 mutaverant
1240 1198 1509 1253 provinciam,

127 1271 203 1353 pro
235 1256 419 1297 Tarento
453 1256 643 1312 Capuam
680 1265 955 1297 mutaverunt.
1019 1256 1153 1311 Legio
1189 1270 1273 1295 una
1302 1255 1411 1303 data,
1443 1255 1509 1294 cui

149 1313 162 1338 Γ
165 1313 300 1353 ulvius
321 1313 511 1368 proximo
532 1329 642 1353 anno
663 1314 907 1368 praefuerat.

186 1369 254 1410 De
290 1369 562 1410 Hasdrubalis
595 1369 776 1411 adventu
810 1370 852 1409 in
884 1369 1047 1410 Italiam
1081 1384 1179 1409 cura
1209 1369 1252 1409 in
1283 1368 1372 1408 dies
1404 1382 1512 1408 cres-
1589 1370 1654 1409 36.

129 1427 261 1468 cebat.
323 1426 646 1467 Massiliensium
669 1427 849 1482 primum
874 1427 999 1481 legati
1021 1426 1326 1473 nuntiaverant,
1350 1439 1447 1466 eum
1468 1425 1510 1464 in
1527 1426 1710 1479 ‘Hasflrulml

133 1483 312 1524 Galliam
340 1492 662 1537 transgressum:
697 1493 937 1538 erectosque
966 1483 1149 1523 adventu
1176 1483 1276 1530 eius,
1300 1482 1400 1537 quia
1426 1468 1720 1540 n³a·‡¹r¹·‘2ss2.²ls¹2¹,².m

129 1555 259 1596 gnum
291 1540 455 1595 pondus
487 1541 574 1580 auri
605 1540 788 1581 attulisse
817 1540 1027 1580 diceretur
1059 1540 1111 1580 ad
1140 1538 1331 1580 mercede
1360 1538 1515 1578 auxilia
1527 1530 1630 1582 stiss‘³
1669 1535 1672 1538 ’

130 1596 416 1645 conducenda,
446 1596 661 1637 Gallorum
690 1597 860 1637 animos.
923 1596 1046 1637 Missi
1074 1596 1226 1636 deinde
1255 1611 1352 1636 cum
1380 1595 1429 1634 iis
1456 1595 1515 1635 le-

130 1654 216 1709 gati
245 1654 295 1694 ab
320 1654 455 1694 Roma
479 1653 573 1694 Sex.
595 1654 804 1694 Antistius
831 1662 874 1694 et
897 1653 958 1694 M.
980 1653 1162 1694 Raecius
1190 1652 1243 1693 ad
1271 1667 1359 1693 rem
1386 1652 1516 1707 inspi-

131 1710 324 1752 ciendam
345 1710 583 1759 retulerant,
606 1711 762 1751 misisse
792 1725 834 1751 se
856 1725 951 1750 cum
974 1709 1305 1750 Massiliensibus
1327 1709 1514 1755 ducibus,

132 1767 205 1823 qui
233 1782 308 1822 per
333 1767 518 1822 hospites
539 1782 696 1816 eorum,
718 1767 927 1822 principes
951 1766 1182 1815 Gallorum,
1205 1766 1345 1807 onmia
1373 1765 1517 1820 explo-

132 1832 219 1865 rata
253 1823 464 1864 referrent.
528 1824 610 1864 Pro
651 1833 864 1880 comperto
904 1824 1071 1872 habere,
1110 1822 1415 1864 Hasdrubalem
1452 1823 1517 1862 in-

132 1881 248 1936 genti
269 1881 349 1921 iam
372 1890 514 1922 coacto
536 1881 725 1921 exercitu
745 1881 935 1936 proximo
956 1896 1051 1921 vere
1070 1880 1201 1935 Alpes
1223 1880 1513 1920 traiecturum:

133 1952 211 1978 nec
244 1946 333 1978 tum
366 1952 462 1978 eum
496 1938 720 1993 quicquam
753 1937 867 1978 aliud
900 1937 1062 1986 morari,
1096 1937 1176 1977 niS1
1209 1936 1323 1991 quod
1355 1935 1516 1976 clausae

133 1994 271 2035 hieme
295 1994 426 2049 Alpes
448 2003 597 2034 essent.

191 2050 243 2090 In
274 2050 413 2090 locum
445 2050 506 2090 M.
532 2050 723 2091 Marcelli
753 2050 800 2090 P.
823 2049 968 2090 Aelius
1001 2049 1155 2090 Paetus
1192 2063 1324 2104 augur
1358 2056 1518 2088 creatus

134 2107 515 2162 inauguratusque:
549 2115 591 2146 et
614 2106 694 2147 Cn.
717 2105 940 2147 Cornelius
962 2105 1182 2146 Dolabella
1208 2120 1281 2145 rex
1309 2119 1516 2145 sacrorum

134 2164 404 2218 inauguratus
425 2171 486 2203 est
507 2163 550 2203 in
570 2162 709 2203 locum
732 2162 793 2203 M.
814 2162 978 2211 Marcii,
1001 2163 1073 2217 qui
1101 2162 1272 2202 biennio
1293 2170 1388 2202 ante
1409 2175 1518 2201 mor-

136 2229 232 2261 tuus
262 2228 360 2260 erat.
425 2219 520 2260 Hoc
551 2219 698 2260 eodem
730 2234 840 2260 anno
871 2228 912 2259 et
944 2219 1121 2259 lustrum
1155 2218 1372 2259 conditum
1404 2226 1466 2258 est
1495 2227 1683 2258 aLustmm

136 2277 375 2317 censoribus
391 2275 438 2316 P.
459 2275 704 2331 Sempronio
723 2276 937 2316 Tuditano
954 2284 996 2316 et
1014 2275 1075 2316 M.
1094 2274 1293 2316 Cornelio
1313 2274 1516 2329 Cethego.
1533 2270 1707 2301 conditum.

141 2333 280 2373 Censa
295 2333 447 2373 civium
469 2333 605 2387 capita
625 2341 794 2373 centum
817 2333 988 2388 triginta
1008 2341 1167 2387 septem
1190 2331 1331 2380 millia,
1349 2340 1519 2371 eentum

140 2471 229 2502 Nero
248 2471 398 2500 adversus
413 2479 487 2499 eum
503 2469 721 2499 testimonium
741 2469 808 2498 dix-
853 2468 897 2499 tia
918 2479 973 2498 sua
990 2469 1079 2499 daret
1096 2468 1295 2498 occasionem
1311 2467 1442 2497 inimico
1458 2468 1521 2497 eol-

139 2517 217 2543 erat.
251 2512 327 2542 Vid.
341 2512 415 2541 Val.
428 2511 518 2541 Max.
529 2511 570 2542 iv.
582 2521 609 2541 2.
621 2515 652 2540 et
665 2514 809 2540 nostrum
854 2512 944 2549 legae
960 2511 1133 2546 crescendi,
1149 2514 1179 2539 et
1196 2510 1357 2539 attolleret
1378 2519 1474 2548 supra
1489 2520 1522 2539 se

139 2555 211 2585 infr.
228 2554 315 2584 xxiX.
334 2562 382 2592 37.
407 2554 512 2584 Cnnv.
853 2552 1018 2582 inimicum
1036 2552 1203 2590 collegam.
1227 2552 1334 2582 (ἷκεν.

186 2604 201 2634 7
225 2598 270 2626 Et
285 2596 459 2626 acerbiores
475 2596 544 2631 eas]
584 2594 629 2623 Et
645 2594 810 2624 calamitas
895 2603 915 2633 9
939 2595 1064 2633 Quique
1086 2595 1122 2623 in
1143 2594 1281 2623 Etruria
1304 2593 1422 2630 essent]
1461 2594 1522 2623 Es-

142 2637 225 2669 Livii
241 2638 370 2671 fecerat,
387 2642 421 2666 ut
437 2636 581 2666 acerbius
599 2635 631 2665 in
647 2645 684 2665 eo
701 2635 810 2665 odium
855 2641 911 2671 set,
927 2636 1013 2673 quod
1029 2635 1098 2664 cod.
1116 2635 1191 2665 Put.
1207 2640 1236 2664 et
1255 2635 1376 2665 Victor.
1392 2635 1523 2670 habent.

141 2684 233 2714 esset,
246 2684 277 2709 et
290 2689 328 2709 ex
344 2678 534 2717 indignitate
549 2676 682 2707 iniuriae
698 2677 810 2707 acrius.
857 2676 997 2715 reposuit
1022 2676 1161 2706 Bekker.
1199 2677 1236 2707 cf.
1258 2686 1343 2715 supr.
1370 2686 1443 2707 xxv.
1472 2686 1523 2706 20.

142 2722 248 2752 szv.
856 2719 1007 2750 Consules
1023 2742 1030 2749 .
1048 2743 1054 2749 .
1073 2741 1080 2749 .
1098 2742 1105 2749 .
1121 2719 1259 2749 Fuluius
1277 2719 1312 2748 in
1330 2729 1443 2758 agrum
1460 2719 1522 2748 Cu-

185 2764 204 2793 8
227 2765 279 2793 Ne
293 2762 452 2793 crescendi
467 2772 508 2792 αι’
521 2762 571 2799 se]
600 2761 713 2796 Quum
730 2760 812 2799 quis·
857 2771 998 2797 manum,
1015 2760 1172 2791 Claudius
1186 2762 1221 2790 in
1236 2762 1383 2791 Lucanos
1398 2761 1486 2790 abiit.

144 2814 206 2844 que
220 2804 347 2834 timeret
364 2813 403 2833 ne
418 2814 457 2833 ex
471 2803 566 2841 culpa
582 2807 637 2833 aut
653 2802 812 2841 negligen-
