1877 3178
157 157 200 187 U.
218 158 255 189 C.
279 164 349 196 537.

154 201 194 230 A.
219 200 256 230 C.
280 208 350 238 215.

155 242 321 273 Crotonia—

154 287 259 314 tarum
276 283 334 315 dis-

155 326 272 357 cordia.

155 555 241 586 Urbs
258 556 342 595 capi-

153 602 205 627 tur
220 608 239 628 a
256 598 350 628 Brut-

156 640 219 677 tiis,
226 644 351 680 praeter

153 692 270 714 arcem.

154 1188 305 1219 Laciniae

152 1231 166 1260 1
173 1231 286 1261 unonis

151 1273 320 1312 templum.

149 1870 215 1899 Arx
233 1870 344 1900 Croto-

147 1921 203 1943 ms.

364 65 441 105 178
870 64 1015 106 ΤΙΤΙ
1059 63 1237 105 LIVll

362 169 439 195 nec
472 154 663 195 voluntas
698 163 796 195 erat.
862 154 984 195 Unus
1015 154 1129 195 velut
1165 154 1332 195 morbus
1367 155 1571 197 invaserat
1603 171 1747 198 omnes

363 211 508 253 Italiae
533 212 730 261 civitates,
753 221 800 253 ut
824 211 967 267 plebes
992 212 1042 251 ab
1064 211 1334 266 optimatibus
1358 211 1650 254 dissentirent:
1683 229 1747 254 se-

364 277 484 310 natus
502 269 705 310 Romanis
720 270 887 318 faveret,
905 269 1021 324 plebs
1038 268 1091 308 ad
1107 268 1272 309 Poenos
1292 283 1380 309 rem
1402 269 1595 312 traheret.
1639 270 1746 312 Eam

363 326 663 368 dissensionem
692 327 735 367 in
764 327 864 367 urbe
892 325 1066 381 perfuga
1092 325 1260 366 nuntiat
1281 325 1480 375 Bruttiis3
1515 326 1747 368 Aristoma-

363 383 489 424 chum
511 399 598 425 esse
620 384 851 440 principem
873 383 1018 438 plebis,
1041 382 1352 438 tradendaeque
1374 391 1584 424 auctorem
1606 385 1743 425 urbis:

363 449 405 481 et
433 441 477 481 in
497 451 611 482 vasta
635 442 735 482 urbe
767 441 932 495 lateque
964 440 1155 480 omnibus
1183 440 1365 480 disiectis
1391 441 1609 481 moenibus
1636 456 1777 487 raras9

363 506 404 538 et
425 498 621 539 stationes
642 498 932 552 custodiasque
961 505 1199 537 senatorum
1227 512 1340 537 esse:
1375 512 1626 553 quacunque
1655 513 1747 539 cus-

363 555 525 596 todiant
557 555 690 611 plebis
730 555 931 602 homines,
974 569 1023 594 ea
1061 562 1201 609 patere
1242 553 1413 594 aditum.
1477 554 1663 596 Auctore
1699 570 1746 596 ac

362 612 468 654 duce
491 613 674 669 perfuga,
698 611 854 652 Bruttii
880 626 1032 652 corona
1052 611 1275 651 cinxerunt
1296 611 1467 652 urbem:
1502 612 1745 667 acceptique

363 685 386 710 a
405 670 526 726 plebe
551 671 684 726 primo
710 670 870 724 impetu
897 668 1008 709 locos
1035 683 1192 716 omnes,
1221 676 1384 723 praeter
1412 683 1561 717 arcem,
1584 684 1743 724 cepere.
1762 685 1775 706 1

364 727 520 768 Arcem
551 728 771 783 optimates
802 726 1012 774 tenebant,
1044 733 1263 780 preparato
1294 725 1375 765 iam
1406 734 1502 766 ante
1535 725 1588 766 ad
1620 726 1746 766 talem

363 799 503 825 casum
524 784 724 840 perfugio.
785 782 948 823 Eodem
969 781 1285 822 Aristomachus
1306 782 1513 838 perfugit3
1548 790 1745 838 tanquam

363 841 530 891 Poenis,
554 857 638 882 non
661 840 848 889 Bruttiis,
871 847 1016 880 auctor
1036 839 1148 879 urbis
1169 839 1394 880 tradendae
1416 840 1570 880 fuisset.

422 898 533 939 Urbs
552 897 683 939 Croto
700 912 865 938 murum
886 896 929 936 in
951 896 1128 937 circuitu
1148 904 1361 951 patentem
1377 896 1600 937 duodecim
1617 896 1748 938 millia

362 970 557 1010 passuum
590 955 747 1003 habuit,
775 962 869 994 ante
898 953 1048 1009 Pyrrhi
1078 953 1122 993 in
1150 952 1313 993 Italiam
1344 953 1582 994 adventum.
1645 953 1746 995 Post

363 1013 595 1053 vastitatem
627 1027 676 1052 eo
705 1011 815 1051 bello
845 1011 995 1050 factam
1027 1010 1096 1050 vix
1126 1025 1220 1065 pars
1250 1010 1423 1050 dimidia
1454 1010 1742 1051 habitabatur:

362 1069 532 1117 flumen,
556 1068 670 1123 quod
692 1067 830 1108 medio
852 1066 1007 1122 oppido
1024 1067 1212 1115 fluxerat,
1235 1076 1352 1107 extra
1370 1067 1607 1123 frequentia
1628 1067 1746 1109 tectis

362 1125 452 1166 loca
482 1125 827 1180 praeterfluebat:
862 1132 903 1163 et
930 1138 1002 1163 arx
1030 1123 1176 1178 procul
1204 1123 1264 1172 iis,
1300 1139 1405 1178 quae
1439 1125 1742 1165 habitabantur.

364 1182 447 1223 Sex
464 1182 593 1222 millia
609 1182 749 1221 aberat
770 1180 820 1220 ab
837 1180 939 1219 urbe
956 1179 1085 1219 nobili
1103 1180 1306 1234 templum
1323 1180 1431 1235 (ipsa
1447 1182 1549 1221 urbe
1567 1190 1654 1221 erat
1670 1197 1746 1222 no-

358 1238 501 1293 bilius)
532 1238 729 1279 Laciniae
763 1236 950 1284 Iunonis,
983 1244 1171 1276 sanctum
1204 1237 1397 1277 omnibus
1430 1237 1538 1278 circa
1567 1238 1743 1293 populis.

358 1296 500 1336 Lucus
521 1295 591 1344 ibi,
613 1293 823 1349 frequenti
844 1293 945 1333 silva
965 1300 1007 1333 et
1026 1293 1207 1347 proceris
1228 1294 1374 1334 abietis
1395 1294 1608 1335 arboribus
1629 1310 1747 1351 saep-

358 1362 436 1401 tUS,
454 1353 562 1393 laeta
582 1352 625 1392 in
647 1350 786 1391 medio
802 1365 955 1406 pascua
975 1349 1133 1398 habuit,
1152 1350 1223 1390 ubi
1246 1351 1380 1391 omnis
1400 1351 1564 1407 generis
1585 1367 1746 1393 sacrum

357 1409 458 1450 deae
500 1409 744 1464 pascebatur
782 1422 910 1463 pecus
950 1407 1038 1447 sine
1078 1406 1163 1447 ullo
1203 1415 1391 1462 pastore:
1439 1409 1778 1464 separatimque4

357 1466 510 1521 egressi
531 1466 732 1520 cuiusque
754 1464 917 1519 generis
938 1478 1084 1518 greges
1101 1472 1223 1504 nocte
1240 1466 1480 1505 remeabant
1496 1465 1549 1505 ad
1571 1466 1742 1515 stabula,

357 1538 574 1578 nunquam
610 1521 769 1562 insidiis
801 1521 993 1569 ferarum,
1030 1536 1115 1561 non
1150 1521 1294 1562 fraude
1332 1522 1474 1562 violati
1510 1522 1741 1563 hominum.

358 1580 507 1635 Magni
533 1579 660 1635 igitur
679 1580 836 1618 fructus
864 1592 917 1618 ex
946 1593 995 1618 eo
1022 1592 1171 1632 pecore
1193 1579 1316 1633 capti,
1339 1579 1616 1635 columnaque
1644 1580 1743 1621 inde

358 1652 482 1677 aurea
514 1636 645 1677 solida
675 1635 782 1675 facta
815 1642 857 1675 et
888 1642 1044 1675 sacrata
1076 1642 1161 1675 est:
1201 1635 1490 1692 inc-lutumque
1525 1636 1742 1692 templum,

357 1694 512 1734 divitiis
547 1693 684 1741 etiam,
716 1707 801 1732 non
836 1699 996 1732 tantum
1033 1692 1263 1740 sanctitate,
1295 1692 1384 1732 fuit.
1448 1693 1514 1733 Ac
1545 1693 1745 1734 miracula

357 1751 497 1806 aliqua
517 1750 772 1805 affinguntur
795 1748 1041 1804 plerumque
1071 1756 1155 1788 tam
1184 1749 1414 1804 insignibus
1442 1749 1554 1790 locis.
1617 1750 1744 1791 Fama

357 1816 430 1857 est,
463 1822 575 1848 aram
610 1821 697 1847 esse
734 1806 778 1846 in
810 1805 1013 1846 vestibulo
1050 1805 1222 1860 templi3
1260 1806 1377 1846 cuius
1408 1806 1591 1847 cinerem
1626 1807 1774 1851 nullos

357 1880 543 1921 unquam
574 1863 729 1905 moveri
756 1871 893 1904 vento.
959 1861 1043 1903 Sed
1073 1877 1146 1902 arx
1171 1862 1379 1913 Crotonis,
1403 1878 1487 1904 una
1516 1871 1634 1919 parte
1664 1864 1743 1904 im-

1760 1172 1776 1192 2

1759 1213 1776 1242 3

1072 1996 1128 2025 lud
1146 1995 1322 2030 Ioniorum,
1338 1996 1423 2034 quod
1441 1995 1635 2026 Panionium
1652 2006 1741 2026 voca-

1072 2038 1176 2075 batur,
1186 2037 1363 2076 autiquitus
1374 2038 1470 2068 fuisse
1484 2041 1591 2068 censet
1606 2038 1639 2068 N
1641 2038 1742 2068 iebhr.

1071 2080 1091 2110 i.
1108 2090 1138 2110 n.
1158 2079 1229 2118 263.
1274 2081 1359 2110 Ante
1372 2080 1523 2110 Troicum
1539 2081 1662 2110 bellum
1679 2081 1741 2110 col-

399 2010 418 2039 9
443 2000 597 2029 Omnibus
613 1998 751 2027 disiectis
770 1997 948 2033 moenibus]
988 1996 1026 2025 Iu

360 2042 459 2072 varias
474 2041 646 2071 admodum
666 2043 770 2078 partes
782 2039 845 2068 huc
862 2039 938 2068 illuc
958 2048 1025 2077 pro-

358 2083 563 2113 currentibus.
590 2082 704 2112 Dima.

404 2136 415 2155 1
441 2127 535 2155 Locos
551 2135 667 2159 omnes,
675 2128 805 2162 praeter
820 2124 941 2160 arcem]
956 2123 1025 2152 Om-

358 2178 428 2197 nem
446 2172 576 2206 praeter
592 2177 693 2195 arcem
712 2166 868 2204 probante
884 2165 1025 2194 Gronov.

357 2208 498 2248 reposuit
516 2208 655 2238 Bekker,

401 2261 417 2281 2
434 2252 497 2281 Sem
512 2251 612 2279 millia
629 2250 740 2279 aberat
755 2250 794 2278 ab
813 2249 906 2285 urbe]
923 2248 1025 2277 Strab.

358 2292 396 2323 vi.
414 2303 444 2332 p.
464 2292 533 2323 262.
551 2291 701 2321 Laciniae
716 2290 850 2320 Iunonis
867 2290 1026 2328 templum

357 2335 473 2364 distare
496 2334 541 2364 ait
563 2334 603 2363 ab
620 2334 760 2363 Crotone
784 2335 912 2361 centum
934 2331 1024 2370 quin-

357 2377 510 2416 quaginta
529 2374 648 2411 stadiis,
663 2375 723 2404 hoc
740 2378 798 2411 cst,
814 2373 1023 2403 novendecim

357 2429 457 2457 prope
473 2418 623 2448 millibus.
666 2418 716 2446 An
732 2415 854 2454 aliquid
871 2415 1023 2454 corrigen-

357 2462 432 2491 dum
446 2461 531 2499 apud
545 2460 733 2489 alterutrum
746 2458 929 2497 scriptorem
938 2461 951 2487 2>
974 2458 1024 2486 An

358 2503 462 2541 potius
486 2503 531 2532 ita
558 2501 810 2537 conciliabimus,
837 2504 871 2529 ut
899 2500 1023 2529 Strabo-

357 2555 429 2574 nem
457 2543 653 2574 maritimum
685 2543 754 2579 iter,
780 2542 865 2580 quod
892 2541 1024 2571 circum-

357 2586 459 2615 vectio
482 2585 584 2615 recidit
611 2585 754 2623 longius;
781 2584 906 2614 Livium
931 2588 1023 2613 terre-

357 2631 419 2657 stre
435 2628 614 2666 designasse
630 2627 795 2656 dicamus?
821 2627 971 2657 Gnonov.

401 2678 417 2706 3
444 2671 604 2707 Templum
630 2669 715 2707 (ipsa
744 2669 821 2699 urbe
844 2673 914 2699 erat
938 2669 1022 2698 nohi-

357 2708 435 2749 lius)
452 2712 604 2740 Laciniae
623 2712 774 2747 Iunonis]
815 2710 914 2745 Quod
938 2719 1021 2739 com-

357 2760 453 2780 mune
467 2751 651 2781 Latinorum
666 2752 729 2781 sive
741 2753 953 2782 Oenotrorum
969 2761 1021 2789 po—

358 2793 504 2831 pulorum
524 2793 644 2827 fanum,
660 2794 745 2822 haud
769 2794 860 2823 aliter
875 2797 971 2831 atque
987 2793 1021 2822 il-

1072 2121 1173 2151 latitia
1196 2122 1332 2160 pecunia
1352 2132 1460 2161 regum
1483 2122 1742 2161 populorumque

1071 2167 1268 2193 exstructum
1280 2164 1375 2193 fuisse
1388 2169 1533 2193 narratur
1544 2174 1595 2202 ap.
1608 2164 1694 2194 Serv,
1708 2164 1740 2194 in

1071 2206 1151 2236 Aen.
1169 2205 1211 2235 iii.
1231 2216 1300 2244 55²·
1332 2205 1370 2235 ef.
1389 2205 1473 2236 Plin.
1492 2206 1537 2236 H.
1555 2205 1598 2236 N.
1618 2205 1650 2236 ii.
1671 2213 1739 2245 107.

1071 2247 1138 2277 Cic.
1156 2248 1195 2276 de
1213 2247 1286 2278 Div.
1304 2247 1323 2277 i.
1343 2257 1390 2285 ²4·
1408 2248 1448 2277 de
1466 2248 1593 2278 Invent.
1615 2247 1647 2278 ii.
1668 2257 1693 2278 1.
1711 2258 1739 2279 α.

1073 2289 1181 2328 Heyn.
1200 2290 1317 2328 Opusc.
1336 2290 1436 2320 Acad.
1453 2289 1483 2320 ii.
1498 2300 1528 2329 p.
1546 2297 1613 2328 174.
1625 2293 1657 2319 et
1671 2289 1738 2320 186.

1069 2331 1221 2361 Ceterum
1256 2333 1327 2370 ipsa
1361 2333 1440 2362 urbe
1476 2333 1624 2369 nobilius,
1654 2332 1740 2371 quod

1069 2377 1143 2402 ante
1171 2373 1335 2404 Drakenb.
1364 2375 1520 2411 exstabat,
1544 2374 1658 2403 omissa
1684 2384 1738 2413 pa-

1069 2415 1207 2445 renthesi
1224 2416 1383 2445 revocavit
1399 2416 1539 2446 Bekker.

1115 2469 1134 2495 4
1161 2458 1405 2497 aS'eparatimque
1434 2459 1550 2497 eyressz'
1585 2458 1738 2497 cuiusque

1066 2501 1193 2538 generis
1220 2500 1348 2538 yreyes]
1388 2501 1599 2539 Separatique
1625 2510 1737 2539 yreyes

1068 2543 1119 2571 szcz'
1133 2543 1250 2581 quique
1258 2543 1386 2580 yeneris
1398 2551 1437 2571 ex
1451 2541 1584 2572 coniect.
1595 2541 1735 2571 Gronov.

1069 2583 1188 2622 recepit
1206 2584 1344 2614 Bekker.
1376 2585 1435 2614 Sui
1458 2585 1590 2623 quisque
1610 2585 1736 2622 yeneris

1069 2626 1192 2656 mavult
1210 2626 1373 2656 Drakenb.

1111 2677 1126 2706 5
1144 2669 1245 2698 Nullo
1260 2679 1402 2708 unquam
1417 2669 1533 2699 moveri
1550 2667 1657 2705 vento]
1682 2666 1734 2696 Ita

1068 2709 1208 2740 Gronov.
1232 2710 1414 2740 emendavit
1437 2719 1494 2748 pro
1518 2709 1600 2747 vulg.
1624 2709 1734 2738 nullus

1066 2762 1207 2791 ‘unquam
1233 2756 1352 2782 moveat
1373 2756 1496 2787 ventus,
1512 2751 1596 2789 quod
1613 2750 1732 2780 Stroth.

1067 2798 1178 2823 serrat.
