1871 3178
532 101 656 142 LIB.
692 101 834 142 XXV.
882 100 1025 141 CAP.
1059 105 1096 141 3.
1419 108 1499 146 233

131 191 350 247 superioris
370 191 467 231 anni
489 191 670 240 consule,
689 191 791 232 alter
811 206 834 231 a
851 189 994 231 Fulvio
1014 190 1264 232 Centumalo
1281 195 1495 249 acciperet.
1516 201 1557 232 U-
1574 201 1611 232 C-
1634 210 1704 239 540-

133 247 386 297 Practorum,
411 247 542 289 Fulvii
569 248 712 298 Flacci,
735 263 839 303 quac
863 247 1062 288 Luceriae
1084 248 1159 288 snb
1182 249 1361 290 Aemilio
1382 266 1498 306 prae·
1513 245 1550 274 A.
1575 246 1612 275 C·
1634 253 1704 274 ²¹²·

131 314 242 353 torc;
283 305 462 346 Neronis
498 305 677 354 Claudii,
715 320 819 360 quae
856 305 897 344 in
931 304 1087 345 Piceno
1117 306 1192 345 sub
1227 305 1274 346 (J.
1300 306 1497 349 Terentio

131 362 313 411 fuissent,
333 363 513 418 legiones
529 373 685 404 esseut:
719 361 1052 417 supplementum
1075 362 1114 401 in
1134 378 1200 403 cas
1214 363 1387 419 quisque
1402 368 1499 406 scri-

130 419 245 460 beret
277 420 364 460 sibi.
428 420 487 460 M.
514 420 632 460 Iunio
665 420 706 459 in
744 419 900 459 Tuscos
934 418 1114 473 legiones
1146 421 1323 461 urbanae
1355 423 1499 476 prioris

131 477 228 516 anni
269 477 398 518 datae.
476 477 540 517 Ti.
577 476 819 531 Sempronio
862 475 1050 516 Graccho
1090 486 1131 517 ct
1179 477 1223 518 P.
1256 478 1498 534 Sempronio

99 534 343 579 9Tuditano
377 535 594 589 imperium
625 533 941 589 provinciaeque
975 533 1132 574 Lucani
1165 544 1205 575 ct
1239 534 1376 577 Gallia
1405 552 1498 577 cum

132 592 214 631 suis
250 592 497 632 exercitibus
533 600 794 646 prorogatae:
839 591 938 630 item
972 590 1017 630 P.
1044 591 1236 641 Lentulo,
1269 608 1351 647 qua
1383 603 1500 635 vetus

148 649 344 689 ›rovincia
370 649 413 688 in
445 648 583 689 Sicilia
607 657 736 696 esset3
771 647 830 688 M.
859 647 1055 688 Marcello
1091 648 1327 704 Syracusae,
1350 660 1391 691 et
1419 668 1501 707 qua

132 663 330 746 llieronis
360 721 531 760 regnum
560 705 724 745 fuisset:
760 705 808 745 T.
831 705 1008 745 Otacilio
1036 705 1192 746 classis:
1230 706 1406 749 Graecia
1438 708 1497 749 M.

104 762 322 803 1Valcrio:
369 762 555 803 Sardinia
590 762 641 809 Q.
667 761 812 802 Mucio
846 762 1087 811 Scaevolam
1133 763 1357 819 Hispaniae
1390 765 1434 806 P.
1459 775 1501 806 et

135 818 214 860 Cn.
234 819 448 860 Corneliis.
512 819 582 860 Ad
599 828 756 860 veteres
776 820 978 860 exercitus
995 819 1100 860 (luae
1124 822 1301 862 urbanae
1319 822 1500 877 legiones
1516 840 1562 869 23.
1579 830 1706 869 legioni-

132 892 156 916 a
175 877 410 917 consulibus
435 877 622 932 scriptae,
646 892 887 932 sunnnaqne
911 877 1033 917 trium
1061 887 1103 918 ct
1123 878 1266 934 viginti
1292 879 1498 935 legionum
1513 874 1706 946 ilintbellum

131 949 181 974 co
198 949 306 974 anno
327 934 473 974 effecta
494 944 566 975 est.
1513 928 1564 955 ’μ
1582 927 1645 946 um.

190 990 410 1031 Delectum
438 991 653 1032 consulum
680 991 740 1032 M.
758 992 960 1032 Postumii
986 992 1207 1048 Pyrgensis
1232 1010 1325 1035 cum
1352 1010 1501 1049 magno

130 1063 257 1104 prope
287 1059 402 1089 motu
428 1064 564 1089 rcrum
586 1049 738 1089 factum
767 1049 966 1104 impediit.
1029 1050 1279 1091 Pnhlicanus
1307 1061 1391 1093 erat
1422 1054 1502 1093 Po-

131 1106 317 1155 stumius,
333 1106 404 1161 qui
421 1106 559 1146 multis
575 1107 692 1146 annis
710 1121 847 1161 parem
866 1107 1007 1147 fraude
1025 1108 1273 1162 avaritiaque
1292 1110 1500 1150 neminem

131 1162 175 1202 in
200 1163 364 1203 civitate
396 1163 605 1211 habuerat,
635 1173 796 1218 practer
827 1163 875 1203 T.
897 1163 1173 1219 Pomponium
1208 1165 1498 1216 Veientanum,

133 1234 270 1274 quem,
294 1220 559 1275 populantem
582 1229 734 1260 temere
757 1235 872 1274 agros
895 1221 936 1259 in
962 1221 1152 1269 Lucanis,
1175 1222 1302 1263 (luctu
1328 1222 1501 1265 Hanno-

132 1276 195 1316 nis
216 1276 349 1331 priore
372 1292 480 1317 anuo
501 1286 695 1332 ceperant
720 1274 1090 1331 Carthaginienses.
1156 1278 1225 1328 Ili,
1249 1280 1345 1335 qnia
1365 1281 1500 1335 publi·
1515 1290 1670 1321 Postumii

133 1348 227 1373 eum
248 1333 477 1388 perieulum
499 1345 585 1374 erat
602 1350 625 1374 a
641 1334 678 1374 vi
701 1335 951 1389 tempestatis
973 1335 1014 1374 in
1037 1336 1096 1384 iis,
1115 1351 1220 1391 qnae
1242 1346 1500 1392 portarentur
1511 1333 1674 1404 publicani

133 1390 186 1430 ad
214 1391 429 1440 exercitus,
456 1400 498 1432 et
527 1392 713 1431 ementiti
743 1401 859 1432 crant
883 1391 981 1432 falsa
1012 1392 1231 1448 naufragia,
1255 1403 1296 1434 et
1323 1410 1371 1434 ea
1400 1394 1497 1450 ipsa,
1524 1386 1603 1406 raus.

134 1462 239 1502 quac
267 1463 360 1488 vcra
388 1449 735 1497 renuntiaverant,
758 1448 897 1488 fraude
928 1449 1107 1504 ipsorum
1134 1450 1240 1490 facta
1264 1460 1392 1500 erant,
1416 1467 1500 1493 non

133 1520 240 1545 casu.
303 1504 350 1544 In
382 1514 541 1546 veteres
568 1521 814 1560 quassasque
846 1521 969 1545 naves
998 1506 1138 1561 paucis
1169 1517 1210 1547 et
1239 1508 1352 1562 parvi
1381 1510 1502 1564 pretii

132 1562 254 1602 rebus
286 1562 496 1617 impositis,
529 1577 657 1618 quum
690 1562 922 1602 mersissent
950 1578 1016 1603 eas
1047 1563 1090 1602 in
1121 1563 1213 1612 alto,
1245 1566 1428 1621 exceptis
1459 1567 1501 1607 in

133 1628 390 1674 praeparatas
411 1619 580 1675 scaphas
602 1620 748 1667 nautis,
772 1619 1018 1675 multiplices
1040 1620 1161 1661 fuisse
1183 1636 1339 1662 merces
1360 1638 1501 1664 emcn-

134 1676 350 1716 tiebautur.
413 1676 473 1716 Ea
490 1677 597 1717 fraus
614 1676 794 1717 indicata
815 1676 876 1717 M.
897 1677 1028 1717 Atilio
1045 1679 1222 1733 praetori
1242 1680 1375 1734 priore
1393 1696 1501 1722 anno

133 1732 277 1782 fuerat,
299 1748 345 1773 ac
366 1748 440 1789 per
460 1749 553 1774 eum
576 1734 628 1774 ad
645 1743 832 1774 senatum
854 1733 999 1783 delata,
1023 1750 1099 1775 nec
1121 1745 1259 1776 tamen
1280 1736 1363 1777 ullo
1385 1753 1501 1778 sena-

133 1789 386 1830 tusconsulto
414 1799 577 1832 notata:
611 1791 707 1846 quia
738 1791 880 1831 Patres
907 1791 1095 1832 ordinem
1122 1793 1435 1849 publicanorum
1457 1796 1500 1836 in

133 1846 203 1887 tali
225 1856 408 1903 tempore
437 1849 638 1889 offensum
670 1848 877 1889 nolebant.
938 1848 1123 1904 Populus
1151 1851 1327 1892 severior
1346 1852 1500 1893 vindex

132 1903 285 1944 fraudis
306 1914 417 1953 erat3
451 1905 701 1961 excitatique
731 1905 899 1946 tandem
927 1906 1010 1946 duo
1033 1907 1187 1947 tribuni
1214 1908 1344 1963 plebis
1368 1908 1436 1965 Sp.
1460 1920 1501 1951 et

133 1960 181 2001 L.
203 1961 386 2011 Carvilii,
408 1978 537 2017 quum
565 1978 651 2003 rem
678 1963 849 2003 invisam
878 1963 1155 2019 infamemque
1175 1976 1402 2016 cernerent,
1426 1967 1503 2007 du-

101 2034 118 2054 2
133 2028 299 2059 eentum
321 2019 496 2060 millium
517 2020 619 2060 aeris
641 2019 811 2060 multam
834 2019 894 2060 M.
914 2020 1127 2062 Postumio
1149 2021 1354 2063 dixerunt.
1419 2023 1501 2064 Cui
1515 2035 1654 2065 Multam
1671 2036 1699 2066 ei

133 2076 351 2116 certandae
369 2092 497 2132 quum
518 2077 604 2118 dies
626 2077 869 2126 advenisset,
887 2077 1191 2133 conciliumque
1210 2087 1291 2118 tam
1308 2080 1501 2135 frequens
1514 2076 1623 2149 2}ssth
1636 2079 1698 2109 duo

133 2133 264 2188 plebis
285 2133 458 2183 adesset,
482 2143 527 2174 ut
547 2134 857 2175 multitudinem
880 2149 973 2174 area
997 2134 1193 2190 Capitolii
1214 2136 1282 2175 vix
1310 2146 1499 2192 eaperet;
1546 2130 1568 2150 r.
1586 2121 1600 2151 l
1615 2121 1635 2152 l.

134 2199 320 2245 perorata
335 2206 468 2241 causa,
483 2206 574 2247 spes
597 2207 678 2232 una
690 2191 906 2232 videbatur
921 2207 1020 2240 esse,
1038 2193 1070 2231 si
1092 2192 1139 2232 C.
1160 2192 1352 2234 Servilius
1372 2194 1503 2236 Casca

136 2247 323 2287 tribunus
343 2248 486 2302 plebis,
504 2249 576 2303 qui
598 2249 854 2304 propinquus
871 2258 1151 2304 cognatusque
1173 2249 1385 2292 Postumio
1402 2262 1499 2301 erat,

135 2303 260 2356 prius,
283 2319 405 2358 quam
431 2305 483 2345 ad
507 2306 745 2360 suffragium
767 2306 896 2346 tribus
920 2316 1174 2356 vocarentur,
1196 2309 1499 2349 intercessisset.

137 2358 330 2400 Testibus
360 2360 477 2410 datis,
510 2362 663 2402 tribuni
694 2362 894 2418 populum
924 2374 1255 2412 summoverunt3
1288 2365 1500 2421 sitellaque

178 2549 197 2579 9
220 2540 264 2569 Et
279 2540 402 2576 Gallia]
428 2550 469 2569 sc.
486 2539 659 2578 Cisalpina.
699 2540 738 2569 In.
754 2541 797 2569 al-
843 2544 934 2576 esset,
950 2540 1117 2579 imperium
1134 2542 1244 2571 datum
1259 2541 1362 2573 fuisse.
1387 2543 1478 2574 ΒΗΚ.

136 2585 236 2611 teram
262 2582 405 2611 nondum
433 2581 569 2611 Romani
599 2583 797 2611 transcende-
886 2592 900 2612 2
919 2584 979 2612 Cui
994 2585 1181 2621 certandae]
1200 2584 1404 2623 Magistratus
1419 2588 1499 2616 mul-

138 2627 216 2654 rant.
241 2624 344 2654 CREV.
843 2628 908 2653 tare
923 2625 1106 2663 quempiam
1122 2636 1184 2655 non
1200 2631 1335 2665 poterat,
1350 2628 1404 2658 sed
1420 2630 1499 2658 mul·

184 2676 194 2695 1
221 2667 418 2705 Hispaniae]
449 2675 491 2695 se.
508 2665 643 2696 Citerior
665 2670 695 2695 et
719 2666 796 2695 ulte·
841 2671 905 2696 tam
924 2667 1136 2705 pronuntiare,
1152 2678 1246 2707 quam
1268 2669 1381 2700 deinde
1399 2680 1499 2709 popu-

137 2708 206 2738 rior.
240 2709 283 2737 At
299 2709 358 2738 Cn.
375 2707 493 2746 Scipio,
508 2712 660 2746 tanquam
676 2709 798 2747 legatus
842 2709 891 2737 Ius
905 2714 959 2738 aut
976 2709 1108 2745 iuberet,
1123 2715 1177 2740 aut
1193 2711 1374 2742 remitteret.
1412 2713 1500 2744 Illud

136 2750 250 2785 fratris,
270 2751 390 2780 bellum
414 2750 446 2780 in
471 2750 629 2789 Hispania
650 2755 797 2789 gesserat,
841 2756 905 2780 erat
931 2753 1057 2782 multam
1081 2753 1194 2790 dicere,
1209 2753 1269 2783 hoe
1288 2756 1416 2784 multam
1436 2766 1499 2786 cer-

138 2792 195 2822 nisi
213 2792 322 2822 Livius
344 2803 517 2823 memorare
541 2793 679 2822 omiserit
703 2804 721 2823 a
744 2803 796 2831 po-
841 2797 918 2824 tare.
943 2794 980 2824 cf.
994 2794 1060 2825 Cic.
1077 2795 1116 2826 de
1134 2796 1227 2836 Legg.
1244 2796 1286 2828 iii.
1305 2806 1332 2836 3.
1357 2797 1498 2838 Philipp.

139 2835 215 2873 pulo
242 2839 330 2866 extra
355 2835 507 2871 ordinem,
533 2845 629 2874 quum
658 2836 797 2875 privatus
841 2836 881 2866 xi.
899 2837 926 2867 8.
951 2837 1061 2868 sic-ox.
