1871 3178
482 92 606 132 Llss.
643 93 789 133 XXX.
834 94 978 135 (lAl’.
1013 99 1079 135 41.
1391 100 1473 136 543

88 179 199 220 titus,
265 180 330 221 De
368 182 592 236 provinciis
633 182 849 223 consulum
889 183 990 222 niliil
1034 192 1128 222 ante
1172 183 1359 237 placebat
1395 185 1590 236 agi‚['.⁴(·.
1615 207 1685 234 550·

86 251 211 291 qnam
254 237 377 290 legati
420 238 605 293 l'liilippi
652 239 758 291 regis
802 248 843 279 ct
887 239 1296 292 (Jartliaginiensium
1345 240 1590 281 {iiitlitiA·C·
1617 249 1686 270 ²0²·

86 302 233 333 essent.
304 294 404 334 Belli
429 295 554 334 linem
578 295 759 343 alterins,
784 296 1035 350 principium
1063 295 1230 335 alterins
1253 298 1476 352 prospicie-

86 350 186 390 bant
211 351 370 390 animis.
418 351 498 391 (ln.
520 352 726 392 Lentulus
746 352 887 391 consul
912 353 1139 406 cupiditate
1163 353 1359 406 flagrabat
1383 370 1476 409 pro·
1492 365 1689 397 Provinciae.

85 406 245 447 vinciae
270 408 463 455 Atrieac3
503 424 575 448 seu
610 408 764 448 bellum
799 410 913 457 soret,
949 409 1108 449 sacilem
1143 409 1370 457 victoriam,
1403 426 1476 451 seu

86 462 166 502 iani
200 464 400 511 liniretur,
424 465 530 504 finiti
564 465 666 504 tanti
700 465 796 505 belli
830 481 871 505 se
907 465 1076 505 consule
1110 465 1282 519 gloriam
1315 477 1473 521 petens,

87 518 255 573 Negare
294 521 433 575 itaque
468 522 581 576 prins
612 522 836 576 quicquam
874 522 937 574 agi
977 537 1205 577 passurum,
1239 538 1363 577 qnam
1398 524 1474 564 sibi

87 576 232 616 Africa
260 577 428 617 decreta
457 587 576 627 esset,
600 579 859 619 concedente
890 578 1061 633 collega,
1086 579 1299 619 moderato
1321 581 1409 621 viro
1434 589 1476 621 et

85 633 310 687 prudenti3
344 635 414 688 qni
447 635 601 689 gloriae
635 635 724 675 cius
755 644 966 675 certamen
998 650 1093 675 enm
1126 636 1333 691 Scipione,
1358 652 1477 692 prac-

86 697 275 744 tcrquam
311 691 424 745 qnod
462 692 653 745 iniquum
690 703 808 740 esset,
844 691 969 731 ctiam
1004 692 1136 746 impar
1168 693 1354 733 futurum
1388 709 1476 734 cer-

85 746 222 786 nebat.
290 747 342 793 Q.
364 747 579 787 Minucius
602 748 811 788 Thermus
838 756 880 788 et
911 748 982 789 Μ’.
1004 749 1168 789 Acilius
1193 749 1379 798 Glabrio,
1404 751 1476 790 tri-

85 802 188 842 buni
220 803 366 857 plebis,
401 810 528 852 ‘rcm,
561 804 696 858 priore
732 819 842 844 anno
876 806 1157 860 nequicquam
1193 815 1392 846 tentatam
1425 807 1476 847 ab

87 858 181 899 ‘Ti.
217 859 396 900 Claudio
439 860 622 909 consule,
668 860 748 901 Cn.
785 861 1032 902 Cornelium
1077 863 1256 903 tentare’
1296 863 1473 904 aiebant.

88 920 99 938 ‘
117 914 183 955 Ex
205 917 449 957 auctoritate
473 917 646 957 Patrum
668 917 797 957 latum
825 917 876 957 ad
903 919 1105 973 populum
1128 935 1229 967 esse,
1253 920 1370 960 cuius
1391 920 1476 960 vel-

88 971 203 1012 ‘lent
235 972 455 1027 imperium
490 974 533 1013 in
570 974 712 1014 Africa
748 989 847 1014 esse.
913 974 1072 1015 Omnes
1104 976 1291 1031 quinque
1325 985 1367 1017 ct
1404 977 1476 1016 tri-

88 1029 233 1083 ‘ginta
267 1030 396 1069 tribus
431 1030 477 1069 P.
501 1030 686 1084 Scipioni
720 1030 764 1070 id
797 1031 1018 1085 imperium
1052 1031 1268 1073 dccrcsse.’
1327 1032 1475 1074 Multis

86 1085 439 1134 contentionibus,
467 1095 509 1126 et
536 1086 581 1126 in
612 1096 755 1127 senatu
790 1096 831 1128 ct
859 1087 912 1127 ad
942 1089 1158 1144 populum,
1185 1098 1276 1129 acta
1306 1104 1370 1130 res
1400 1105 1475 1145 po-

87 1150 239 1182 stremo
275 1157 325 1182 eo
356 1142 539 1183 deducta
574 1152 647 1191 est,
686 1153 732 1184 ut
767 1144 929 1184 senatui
966 1145 1267 1200 permitterent.
1331 1147 1475 1187 Patres

87 1198 216 1253 igitur
236 1199 358 1239 iurati
380 1200 458 1253 (ita
479 1200 591 1240 enim
618 1211 888 1253 convenerat)
910 1212 1175 1251 censuerunt,
1199 1203 1260 1243 nti
1285 1203 1475 1243 consules

86 1255 320 1310 provincias
341 1256 450 1296 inter
470 1272 512 1296 se
535 1267 835 1312 compararent,
854 1259 1162 1308 sortirenturve,
1181 1269 1275 1299 uter
1296 1259 1474 1308 Italiam,

88 1319 182 1352 uter
216 1312 386 1352 classem
423 1313 592 1353 navium
629 1314 935 1369 quinquaginta
970 1315 1151 1356 liaberet.
1218 1316 1302 1356 Cui
1337 1316 1476 1357 classis

88 1369 335 1417 obvenisset,
360 1370 401 1409 in
430 1370 615 1410 Siciliam
644 1371 881 1425 navigaret:
916 1372 948 1411 si
977 1387 1058 1427 pax
1088 1388 1181 1413 cum
1209 1372 1476 1428 Carthagini—

89 1425 257 1465 ensibus
285 1427 479 1480 componi
506 1427 732 1482 nequisset,
757 1428 798 1467 in
823 1427 1008 1469 Africam
1032 1429 1250 1470 traiiceret.
1315 1430 1477 1470 Consul

88 1482 205 1531 mari,
246 1482 386 1537 Scipio
422 1483 586 1532 eodem,
620 1499 704 1538 quo
737 1484 888 1533 adhuc,
923 1486 1010 1525 iure
1048 1486 1211 1540 imperii
1245 1495 1353 1527 terra
1387 1502 1475 1527 rem

87 1547 261 1593 gereret.
328 1538 371 1580 Si
401 1540 663 1580 conditiones
695 1541 968 1582 convenirent
999 1542 1124 1597 paciS,
1154 1543 1311 1583 tribuni
1343 1543 1476 1598 plebis

87 1594 291 1650 populum
332 1605 538 1651 rogarent,
580 1606 721 1637 utrum
767 1598 994 1647 consulem,
1037 1614 1088 1639 an
1135 1599 1182 1639 P.
1222 1599 1474 1654 Scipionem,

88 1652 282 1692 iuberent
311 1667 457 1707 pacem
485 1653 610 1701 dare,
644 1663 685 1694 et
716 1669 856 1708 quem,
886 1655 920 1695 si
952 1655 1236 1710 deportandus
1269 1657 1476 1697 exercitus

87 1708 221 1748 victor
253 1723 306 1749 ex
329 1709 472 1750 Africa
505 1718 625 1759 esset,
660 1710 889 1765 deportare.
955 1711 998 1751 Si
1030 1726 1176 1767 pacem
1208 1727 1284 1767 per
1314 1712 1360 1753 P.
1388 1712 1477 1753 Sci-

88 1764 257 1820 pionem
285 1765 386 1813 dari,
413 1775 539 1820 atque
572 1767 622 1806 ab
656 1767 805 1807 eodem
838 1768 1067 1808 exercitum
1097 1768 1308 1823 deportari
1337 1769 1476 1809 iussis-

89 1829 194 1870 sent,
232 1836 284 1861 ne
325 1821 470 1862 consul
506 1837 559 1862 ex
597 1822 738 1863 Sicilia
773 1823 816 1863 in
852 1824 1037 1865 Africam
1073 1825 1291 1866 traiiceret.
1356 1826 1477 1867 Alter

89 1876 246 1926 consul,
269 1877 336 1918 cui
357 1877 479 1918 Italia
500 1879 717 1927 evenisset,
735 1879 838 1919 duas
859 1879 1044 1935 legiones
1065 1896 1090 1922 a
1110 1881 1172 1922 M.
1193 1882 1336 1923 Sextio
1357 1898 1476 1938 prae-

89 1942 178 1975 tore
200 1934 417 1989 acciperet.
480 1935 527 1974 P.
554 1934 738 1990 Scipioni
760 1950 856 1975 curn
877 1937 1141 1986 exercitibus,
1164 1953 1268 1991 quos
1289 1939 1473 1988 haberet,
1551 1947 1619 1984 41.

89 1990 134 2030 in
169 1991 382 2046 provincia
413 1990 558 2030 Africa
591 2000 859 2046 prorogatum
894 1992 1126 2047 imperium.
1190 1993 1377 2034 Praetori
1410 1995 1472 2036 M.

90 2046 260 2088 Valerio
282 2046 446 2087 Faltoni
466 2046 572 2087 duae
594 2047 780 2102 legiones
804 2047 849 2087 in
872 2047 1059 2098 Bruttiis,
1083 2049 1234 2103 quibus
1259 2049 1308 2090 C.
1329 2050 1476 2092 Livius

90 2104 228 2159 priore
260 2118 371 2144 anno
403 2103 650 2159 praefuerat,
677 2103 880 2144 decretae.
944 2105 991 2145 P.
1012 2105 1159 2146 Aelius
1183 2115 1349 2161 praetor
1373 2107 1477 2149 duas

90 2160 276 2215 legiones
297 2160 341 2200 in
366 2160 507 2201 Sicilia
527 2161 577 2200 ab
602 2159 682 2200 Cn.
708 2160 937 2201 Tremellio
958 2162 1176 2217 acciperet.
1238 2162 1371 2218 Legio
1393 2179 1477 2206 una

92 2216 155 2257 M.
180 2216 309 2257 Fabio
341 2217 385 2257 in
422 2216 668 2265 Sardiniam,
701 2232 826 2272 quam
861 2217 907 2257 P.
939 2218 1145 2259 Lentulus
1178 2234 1252 2274 pro
1285 2230 1475 2275 praetore

92 2273 315 2322 habuisset,
349 2273 599 2314 decernitur.
663 2273 725 2313 M.
762 2273 936 2315 Servilio
976 2275 1123 2330 prioris
1163 2276 1262 2316 anni
1301 2277 1475 2327 consuli,

93 2345 189 2370 cum
222 2330 305 2370 suis
337 2330 498 2371 duabus
530 2330 631 2370 item
667 2329 913 2385 legionibus,
942 2331 986 2370 in
1015 2331 1182 2372 Etruria
1208 2343 1477 2388 prorogatum

92 2386 315 2441 imperium
344 2396 415 2427 est.
482 2387 610 2434 Quod
638 2386 690 2427 ad
720 2386 945 2442 Hispanias
975 2388 1182 2437 attineret,
1206 2388 1364 2444 aliquot
1395 2391 1478 2431 iam

94 2457 224 2483 annos
254 2443 312 2483 ibi
343 2443 392 2484 L.
414 2442 660 2484 Cornelium
691 2443 918 2483 Lentulum
952 2454 994 2484 et
1025 2444 1073 2484 L.
1099 2444 1306 2485 Manlium
1330 2446 1478 2487 Acidi-

94 2514 197 2539 num
218 2514 317 2540 esse.
381 2500 458 2540 Uti
485 2499 675 2540 consules
703 2515 798 2540 cum
829 2500 1005 2541 tribunis
1033 2511 1216 2557 agerent,
1238 2502 1271 2541 si
1293 2502 1341 2542 iis
1361 2503 1476 2544 vide-

94 2564 221 2605 retur,
250 2565 297 2597 ut
327 2556 494 2612 plebem
527 2566 733 2612 rogarent,
763 2557 830 2597 cui
864 2557 1057 2598 iuberent
1089 2558 1132 2598 in
1163 2557 1368 2614 Hispania
1401 2559 1478 2600 im-

143 2733 155 2753 1
181 2725 284 2754 Finiti
321 2726 403 2754 tanti
441 2726 512 2756 belli
549 2736 581 2756 se
617 2727 760 2763 consule]
811 2727 940 2755 consule
957 2726 1083 2756 finitum
1100 2726 1148 2763 iri,
1166 2731 1199 2756 ut
1222 2738 1331 2758 revera
1351 2729 1479 2760 accidit.

97 2765 201 2796 Recte
225 2766 350 2796 videtur
367 2766 553 2797 Perizonius
576 2767 680 2805 legere
696 2778 716 2797 α
731 2778 764 2798 se
812 2768 855 2797 At
877 2768 1027 2806 cupiebat
1047 2768 1116 2807 ipse
1136 2769 1283 2799 ultimam
1306 2770 1392 2800 bello
1412 2781 1478 2801 ma-

97 2808 233 2839 consule.
279 2808 362 2839 Sane
382 2810 559 2848 apparebat
580 2809 703 2839 bellum
726 2819 764 2839 eo
811 2819 889 2839 num
906 2809 1081 2849 imponere.
1105 2811 1212 2842 Ciu-zv.
