1809 3178
519 121 639 162 LIB.
675 122 799 163 XXI.
848 125 990 166 CAP.
1025 132 1091 168 41.
1447 137 1496 175 37

115 210 124 225 ⁶
144 205 379 246 tervcbercr
411 209 582 249 navibus
616 210 778 251 Galliae
807 227 934 261 oram,
957 215 1009 254 ad
1038 216 1187 256 famam
1218 217 1341 258 liuius
1370 220 1698 276 liostis11‚‹¹,53‚4.

114 266 124 282 ⁶
143 260 183 300 in
206 270 354 303 terram
371 280 569 317 egressus,
586 268 808 321 praemisso
825 271 1026 324 equitatu,
1042 272 1094 312 ad
1114 272 1366 315 Rhodanum
1387 280 1492 319 movi
1513 281 1547 310 A.
1573 283 1609 312 C·
1631 285 1699 312 2¹⁸·

113 322 123 338 ⁶
140 326 281 359 castra.
349 321 540 376 Eque-stri
572 323 742 377 proelio,
766 341 849 379 qua
871 336 983 381 parte
1013 330 1223 384 copiarum
1249 336 1490 375 conserendi

112 378 121 395 ⁶
141 389 306 415 manum
339 378 504 418 fortuna
534 379 629 419 data
660 389 733 427 est,
767 381 926 423 hostem
959 384 1069 425 fudi:
1110 387 1297 441 peditum
1330 405 1491 443 agmen,

111 435 121 452 ⁶
138 432 251 485 quod
275 433 314 473 in
339 435 507 475 modum
530 436 778 489 fiigientium
802 441 949 494 raptim
979 443 1188 495 agebatur,
1213 446 1311 499 quia
1332 449 1491 502 assequi

109 492 119 508 ⁶
139 496 244 528 terra
279 505 359 530 non
396 502 594 546 poteram,
630 509 835 547 regressus
868 497 919 537 ad
954 513 1089 547 nave&
1124 511 1281 555 quanta
1314 505 1493 545 maxima

109 548 119 565 ⁶
137 545 345 587 celeritate
368 549 496 602 potui,
521 558 635 590 tanto
658 552 779 591 maris
802 562 1087 611 terrarumque
1111 558 1299 605 circuitu,
1320 560 1359 599 in
1384 562 1491 601 radi-

109 606 118 622 ⁶
135 601 250 641 cibus
285 604 458 659 Alpium
499 606 643 647 obvius
678 608 748 648 fui.
815 609 927 651 Huic
965 612 1151 653 timendo
1193 614 1299 656 hosti
1337 626 1487 667 utrum,

107 662 117 678 ⁶
134 673 263 712 quum
281 660 532 702 declinarem
554 672 778 714 certamen,
797 666 1041 722 improvisus
1064 670 1255 712 incidisse
1272 673 1416 714 videor
1436 690 1488 715 an

107 718 116 735 ⁶
133 730 346 757 occurrere
373 719 415 758 in
436 720 618 774 vestigiis
639 722 758 762 eins?
789 722 987 765 lacessere
1019 742 1066 767 ac
1088 727 1249 769 trahere
1271 730 1323 770 ad
1345 730 1488 772 (lecer-

105 776 115 792 ⁶
133 773 348 814 nendum?
410 775 602 831 Experiri
638 778 763 828 iuvat,
796 789 934 821 utrum
968 782 1068 824 alios
1103 795 1275 840 repente
1310 787 1486 829 Cartha-

105 829 337 883 ‘ginienses
362 847 436 886 per
457 834 604 889 viginti
632 851 762 876 annos
791 846 898 878 terra
925 839 1126 882 ediderit:
1161 857 1213 882 an
1234 843 1362 884 iidem
1391 846 1484 894 sint,

103 886 203 940 ‘qui
234 886 286 927 ad
318 888 502 942 Aegates
532 902 823 946 pugnaverunt
859 895 1025 945 insulas,
1059 907 1100 938 et
1131 914 1235 954 quos
1265 902 1316 941 ab
1350 901 1484 957 Eryce

69 955 87 981 4
102 945 113 962 ‘
129 942 426 986 duodevicenis
447 946 628 989 denariis
643 950 878 992 aestimatos
899 954 1112 995 emisistis:
1147 966 1189 996 et
1208 966 1346 997 utrum
1366 958 1485 999 Han-

101 999 238 1040 ⁶nibal
271 1001 338 1042 hic
365 1003 417 1043 sit
448 1005 634 1045 aemulus
666 1006 861 1048 itinerum
895 1008 1102 1059 Herculis,
1126 1022 1172 1053 111
1203 1013 1288 1069 ipse
1317 1015 1408 1065 fert,
1431 1032 1484 1056 an

68 1068 85 1096 5
101 1059 112 1076 ⁶
126 1057 337 1113 vectigalis
353 1060 729 1118 stipendiariusque
752 1073 793 1105 ct
807 1080 947 1106 servus
963 1069 1105 1123 populi
1131 1069 1310 1111 Romani
1329 1087 1351 1112 a
1368 1082 1482 1127 patre

100 1116 111 1134 ⁶
126 1113 316 1155 relictus:
351 1132 477 1171 quem
499 1119 578 1158 nisi
604 1119 881 1175 Saguntinum
903 1124 1036 1164 scelus
1057 1126 1243 1180 agitaret,
1259 1129 1481 1183 respiceret

98 1173 111 1191 ⁶
126 1171 324 1225 profecto,
346 1174 378 1213 si
401 1189 485 1215 non
507 1177 681 1230 patriam
703 1178 866 1227 victam,
886 1179 1056 1221 domum
1079 1191 1202 1232 certe,
1221 1194 1479 1240 patremque,

99 1231 111 1248 ⁶
126 1235 168 1267 et
187 1227 356 1269 foedera
379 1230 627 1272 Hamilcaris
648 1234 799 1289 scripta
821 1250 969 1276 manu:
1004 1239 1089 1292 qui,
1113 1239 1245 1280 iussus
1266 1257 1289 1281 a
1310 1243 1479 1284 consule

98 1288 109 1305 ⁶
126 1292 277 1334 nostro,
292 1288 544 1340 praesidium
562 1289 737 1330 deduxit
754 1292 804 1332 ab
828 1291 962 1347 Eryce
977 1310 986 1333 :
1021 1295 1093 1349 qui
1109 1311 1252 1350 graves
1269 1298 1481 1353 impositas

97 1345 109 1361 ⁶
126 1341 242 1381 vietis
262 1342 677 1399 Carthaginiensibus
693 1347 805 1402 leges
821 1349 999 1390 fremens
1014 1366 1285 1408 maerensque
1300 1357 1476 1410 accepit:

97 1402 108 1419 ⁶
125 1398 197 1452 qui
218 1398 420 1440 decedere
446 1402 597 1449 Sicilia,
617 1404 689 1457 qui
710 1405 965 1459 stipendium
986 1408 1141 1463 populo
1166 1410 1358 1451 Romano
1381 1412 1477 1453 dare

96 1459 107 1476 ⁶
124 1463 267 1509 paetus
288 1465 360 1496 est.
424 1457 572 1513 Itaque
593 1475 665 1499 vos
686 1475 775 1515 ego,
799 1461 962 1511 milites,
985 1479 1069 1503 non
1099 1480 1148 1505 eo
1170 1466 1301 1506 solum
1324 1469 1476 1518 animo,

95 1515 107 1533 ⁶
123 1526 206 1566 quo
227 1512 421 1553 adversus
442 1514 541 1555 alios
562 1515 701 1557 hostes
725 1517 877 1567 soletis,
899 1534 1085 1575 pugnare
1107 1522 1254 1571 veli1n3
1288 1525 1361 1564 sed
1382 1541 1477 1566 cum

95 1568 410 1623 ‘indignatione
442 1571 621 1626 quadam
652 1582 777 1629 atque
809 1575 890 1615 ira:
929 1577 1043 1617 velut
1073 1579 1105 1618 si
1137 1594 1274 1620 servos
1304 1581 1477 1623 videatis

95 1629 106 1646 ⁶
121 1633 275 1667 vestros
297 1642 410 1668 arma
429 1637 600 1683 repente
622 1640 767 1671 eontra
786 1647 858 1672 vos
878 1632 1068 1675 ferentes.
1132 1636 1273 1678 Licuit
1295 1638 1347 1678 ad
1372 1638 1477 1695 Ery-

93 1686 104 1704 ⁶
122 1696 212 1722 cem
227 1683 398 1733 clausos,
414 1685 560 1726 ultimo
577 1687 781 1743 supplicio
795 1688 1084 1740 humanorum,
1099 1692 1206 1734 fame
1223 1694 1474 1737 interficere:

94 1743 105 1761 ⁶
121 1738 238 1780 licuit
261 1741 475 1782 victricem
503 1742 674 1784 classem
702 1745 745 1785 in
774 1745 961 1787 Africam
990 1749 1190 1799 traiicere,
1214 1759 1338 1806 atque
1368 1753 1478 1793 intra

93 1800 104 1818 ⁶
120 1810 273 1850 paucos
313 1798 402 1839 dies
449 1799 536 1840 sine
584 1801 669 1841 ullo
709 1803 934 1845 certamine
983 1804 1281 1862 Carthaginem
1322 1808 1473 1851 delere.

93 1857 105 1874 ⁶
122 1852 300 1894 Veniam
337 1855 529 1897 dedimus
560 1859 849 1912 precantibus:
898 1861 1110 1903 emisimus
1143 1879 1196 1904 ex
1233 1865 1472 1907 obsidione:

59 1924 79 1955 6
93 1914 104 1932 ⁶
120 1924 264 1965 pacem
279 1927 372 1952 cum
387 1913 506 1954 vietis
519 1914 713 1956 fecimus:
749 1917 901 1958 tutelae
916 1918 1069 1960 deinde
1086 1930 1250 1962 nostrae
1265 1922 1474 1973 duximus,

92 1971 105 1989 ⁶
120 1981 249 2021 quum
267 1968 411 2010 Africo
424 1970 533 2011 bello
547 1981 806 2027 urgerentur.
852 1974 934 2016 Pro
948 1975 1012 2016 his
1026 1977 1258 2032 impartitis,
1272 1979 1475 2021 furiosum

92 2029 103 2046 ⁶
120 2023 313 2066 iuvenem
335 2037 570 2081 sequentes,
585 2039 874 2085 oppugnatum
895 2033 1071 2087 patriam
1087 2043 1268 2075 nostram
1285 2037 1471 2078 veniunt.

93 2086 103 2103 ⁶
121 2080 263 2136 Atque
294 2083 455 2124 utinam
486 2100 560 2140 pro
591 2085 741 2127 decore
774 2096 936 2128 tantum
968 2089 1047 2130 1100
1068 2091 1196 2140 vobis,
1221 2101 1262 2132 et
1283 2108 1367 2133 non
1399 2109 1474 2149 pro

92 2137 262 2187 ‘salute,
295 2149 401 2180 esset
433 2150 655 2183 certamen.
719 2143 819 2185 Non
852 2145 905 2186 de
938 2148 1194 2201 possessione
1230 2148 1394 2191 Siciliae
1427 2166 1473 2191 ac

91 2200 102 2217 ⁶
121 2194 347 2246 Sardiniae,
379 2197 431 2238 de
465 2199 615 2253 quibus
646 2201 858 2255 quondam
894 2203 1105 2257 agebatur,
1137 2205 1210 2245 sed
1244 2221 1320 2261 pro
1354 2206 1475 2247 Italia

91 2252 232 2292 ‘vobis
262 2262 324 2294 est
353 2256 650 2310 pugnandum:
690 2273 767 2298 nec
798 2267 859 2299 est
889 2259 992 2300 alius
1022 2262 1073 2301 ab
1105 2270 1221 2317 tergo
1253 2264 1470 2313 exercitus,

90 2314 101 2331 ⁶
117 2309 202 2363 qui,
219 2310 299 2350 nisi
314 2326 389 2351 nos
406 2312 624 2361 vincimus,
642 2313 749 2354 hosti
767 2315 934 2356 obsistat
949 2332 958 2364 ς
992 2332 1070 2358 1100
1088 2318 1220 2373 Alpes
1236 2319 1339 2360 aliae
1361 2329 1469 2369 sunt,

130 2428 150 2455 4
172 2418 406 2449 Duodevicenis
428 2422 586 2459 denariis]
621 2422 673 2452 De
695 2423 754 2452 hac
800 2425 907 2455 adhue
945 2436 1009 2456 non
1051 2429 1211 2465 veetigyale's
1245 2433 1323 2465 erat,
1349 2434 1384 2458 111
1416 2430 1469 2468 qui

88 2469 121 2488 re
147 2459 277 2489 omnino
306 2460 377 2490 silet
405 2462 474 2492 Pol.
500 2462 519 2492 i.
547 2462 598 2493 62.
623 2465 678 2493 scd
703 2475 753 2503 ap.
798 2467 932 2496 minime
948 2468 979 2496 in
994 2470 1182 2506 prot-inciae
1200 2471 1305 2499 locum
1323 2476 1468 2503 cesserat.

89 2501 204 2531 Zonar.
228 2501 289 2532 viii.
318 2510 363 2540 17.
380 2503 412 2532 in
434 2504 556 2542 legibus
578 2505 664 2542 pacis
683 2506 753 2535 scri·
841 2507 860 2537 6
886 2510 1016 2539 Tutelae
1033 2533 1039 2539 .
1052 2533 1058 2539 .
1071 2533 1078 2539 .
1096 2512 1237 2548 noslrae]
1264 2512 1316 2541 Ad
1332 2513 1467 2543 tutelam

87 2547 179 2581 ptum
194 2553 260 2573 esse
273 2543 463 2579 invenimusq
476 2547 560 2584 quod
574 2547 675 2576 Poeni
689 2548 753 2576 Ro·
798 2554 939 2579 nostram
974 2551 1132 2588 pertinere
1168 2553 1326 2584 duximus.
1374 2554 1468 2585 Haec

87 2594 199 2615 manos
231 2586 375 2624 captivos
408 2587 545 2623 gratuito
581 2588 752 2625 dimittere,
797 2590 883 2620 haud
897 2591 992 2620 dubie
1005 2602 1077 2621 vera
1090 2597 1174 2629 sunt,
1187 2594 1307 2633 quippe
1326 2596 1467 2626 Romani

87 2636 159 2657 suos
188 2632 297 2657 autem
320 2638 340 2657 a
368 2628 523 2658 Romanis
547 2629 649 2668 pretio
672 2630 750 2660 redi-
797 2636 877 2661 teste
891 2632 1039 2671 Polybio,
1057 2634 1132 2664 dum
1151 2636 1258 2666 Africo
1274 2637 1360 2667 bello
1377 2649 1466 2677 urge-

86 2678 173 2699 mere
189 2670 351 2700 deberent.
800 2674 915 2703 bantur
929 2675 1217 2715 Carthaginienses,
1230 2679 1365 2710 foederis
1381 2681 1466 2717 leges

130 2720 146 2749 5
171 2713 656 2753 Vecte'ffalz'sstipendiariusque]
678 2714 753 2744 Ora·
800 2716 1021 2753 observabant,
1052 2719 1106 2748 sed
1136 2720 1246 2750 sedato
1279 2721 1336 2751 illo
1366 2723 1464 2759 bello,

85 2753 184 2783 torice
205 2753 284 2784 haec
305 2754 402 2791 dicta,
419 2755 540 2794 quippe
557 2758 754 2795 stipendium
798 2757 857 2796 ipsi
874 2758 1017 2789 invasere
1028 2760 1216 2792 Sardiniam.
1247 2763 1343 2793 Hanc
1355 2769 1463 2795 autem

86 2794 172 2824 haud
193 2796 289 2826 dubie
310 2797 627 2836 Carthaginiensibus
653 2798 752 2837 impe·
797 2799 944 2830 iniuriam
962 2806 1069 2831 noster
1084 2804 1257 2841 prudenter
1272 2805 1392 2837 reticet.

84 2840 188 2866 ratum
207 2843 284 2874 crat,
300 2849 374 2877 ager
391 2849 464 2869 vero
481 2840 753 2878 Carthaginiensis
