1871 3178
514 76 636 118 Llss.
672 77 861 118 XXVII.
909 79 1052 119 (JAP.
1092 83 1152 119 16.

147 168 291 217 sulem,
322 167 437 208 miles
464 167 608 208 obvius
629 167 857 208 obtruncat.
923 167 1008 206 Alii
1037 167 1136 207 alios
1158 169 1307 222 passim
1331 171 1418 210 sinc
1441 171 1524 212 dis·
1542 183 1581 214 U.
1600 185 1637 215 C.
1662 195 1732 223 5⁴3·

148 226 319 266 crimine
342 234 529 273 armatos,
548 225 736 271 inermes,
759 223 951 272 caedunt,
977 224 1343 279 Carthaginienses
1365 227 1523 268 Tarcn-
1539 228 1576 256 A.
1601 228 1639 273 C.
1664 237 1732 267 ²09·

150 283 340 338 tinosquc
368 282 530 337 pariter.
614 281 746 322 {ruttii
775 295 942 336 quoque
965 280 1084 321 multi
1114 281 1332 331 interfecti,
1356 298 1426 324 scu
1450 300 1524 340 per
1538 269 1721 341 fflfflffcffss}

149 355 342 388 errorem,
369 355 441 379 seu
470 348 607 380 vetere
639 339 681 378 in
711 353 781 379 eos
812 338 934 377 insito
965 337 1074 387 odio,
1101 353 1173 379 seu
1201 338 1253 379 ad
1279 340 1524 395 proditionis
1711 335 1718 342 .

148 396 311 445 famam,
334 406 379 437 ut
399 397 437 436 vi
460 396 596 452 potius
623 406 747 450 atque
770 395 892 435 armis
913 404 1079 450 captum
1107 395 1337 437 Tarentum
1363 397 1524 439 videre-

150 463 227 503 tur,
251 454 607 509 exstinguendam.
670 452 780 493 Tum
798 452 848 492 ab
862 451 988 492 caede
1011 452 1063 492 ad
1079 452 1357 508 diripiendam
1380 455 1524 496 urbem

148 511 390 552 discursum.
453 510 589 550 Millia
630 509 798 565 triginta
843 509 1052 550 servilium
1100 511 1283 566 capitum
1329 511 1526 553 dicuntur

149 569 280 624 capti:
324 568 482 623 argenti
509 568 567 607 vis
598 567 743 622 ingens
767 566 862 606 faeti
895 567 1151 622 signatique:
1195 569 1284 608 auri
1315 570 1526 625 octoginta

150 626 226 666 tria
247 625 411 681 pondo:
445 625 562 679 signa
583 623 842 679 tabulaeque,
865 639 992 679 prope
1019 634 1064 665 ut
1089 624 1384 681 Syracusarum
1406 642 1520 668 orna·

150 693 289 723 menta
307 698 369 723 ae(
388 682 584 722 naverint.
649 681 731 721 Sed
749 681 902 721 maiore
925 681 1063 722 animo
1083 683 1247 737 generis
1264 683 1352 724 eius
1372 685 1526 739 pracda

118 739 347 781 Sabstinuit
391 739 530 788 abins,
554 753 677 794 quam
701 738 924 779 Marcellus
938 754 947 787 ;
981 739 1052 794 qui
1077 740 1357 795 interrogante
1380 742 1524 791 scriba,

117 812 136 842 9
150 796 251 852 quid
273 797 359 837 fieri
389 796 514 850 signis
536 795 672 844 vellet,
695 796 896 851 (ingentis
917 796 1216 851 magnitudinis
1237 797 1296 838 dii
1319 808 1428 848 sunt,
1451 815 1525 841 suo

149 854 324 909 quisque
346 853 489 894 habitu
511 853 553 893 in
576 853 745 893 modum
767 853 1043 909 pugnantium
1060 854 1243 907 formati)
1262 855 1380 896 ‘deos
1402 856 1525 897 iratos

149 911 388 952 Tarentinis
422 910 619 966 relinqui’
656 911 782 951 iussit.
847 910 997 951 Murus
1034 911 1144 961 inde,
1179 912 1251 967 qui
1288 913 1434 954 urbem
1474 915 1524 955 ab

148 983 239 1009 arce
261 968 492 1016 dirimebat,
515 968 676 1008 dirutus
697 976 757 1009 est
779 984 825 1008 ac
847 968 1052 1009 disiectus.

205 1025 320 1066 Dum
342 1025 444 1066 haec
467 1025 638 1066 Tarenti
661 1034 852 1080 aguntur,
874 1024 1085 1066 Hannibal
1107 1026 1168 1075 iis,
1184 1027 1255 1082 qui
1275 1026 1524 1069 Cauloniam

148 1082 405 1132 obsidebant,
438 1083 481 1122 in
521 1082 777 1123 deditionem
808 1083 999 1137 acceptis,
1031 1083 1173 1124 audita
1213 1086 1523 1150 oppugnatione
1541 1098 1687 1128 Accurrit

149 1140 336 1188 Tarenti,
351 1140 440 1180 dies
454 1149 679 1194 noctesque
698 1139 848 1180 cursim
866 1139 1030 1194 agmine
1048 1150 1151 1189 aeto,
1168 1156 1310 1196 quum,
1326 1143 1525 1183 testinans
1540 1140 1716 1175 Hannibal,

148 1197 201 1237 ad
222 1212 345 1252 opem
365 1196 589 1245 ferendam,
612 1205 774 1251 captam
797 1197 942 1237 urbem
968 1197 1171 1246 audissct3
1207 1204 1217 1221 ⁶
1233 1198 1287 1238 Et
1319 1199 1497 1240 Romani
1516 1201 1524 1217 ’
1538 1193 1640 1212 serum
1659 1187 1729 1222 post

148 1254 298 1310 inquit,
327 1260 473 1294 ‘suum
506 1253 786 1294 Hannibalem
819 1253 982 1294 habent.
1048 1254 1219 1304 Eadem,
1246 1271 1329 1310 qua
1358 1272 1602 1313 cepera-tam
1624 1268 1711 1298 auxi-

151 1317 161 1334 ‘
175 1326 278 1361 mus,
293 1320 379 1351 arte
402 1311 631 1352 Tarentum
652 1310 888 1351 a1nisi1nus.'
951 1310 1015 1352 Ne
1034 1321 1172 1352 tamen
1186 1312 1382 1368 fugientis
1400 1315 1524 1356 modo
1539 1309 1627 1340 lium.

122 1369 396 1409 xconvertisse
425 1383 573 1424 agmen
594 1368 816 1417 videretur,
840 1384 923 1424 quo
945 1370 1186 1410 constiterat
1210 1369 1312 1419 loco,
1336 1372 1523 1427 quinque

149 1425 278 1466 millia
309 1426 437 1466 ferme
470 1426 520 1466 ab
555 1426 654 1465 urbe
687 1425 825 1481 posuit
859 1435 999 1466 castra.
1063 1425 1127 1466 Ibi
1160 1442 1312 1482 paucos
1346 1439 1526 1470 moratus

149 1483 250 1531 dies,
278 1482 572 1538 Metapontum
597 1498 683 1523 sese
714 1483 881 1538 recepit.
945 1482 1048 1523 Inde
1075 1483 1180 1524 duos
1211 1484 1526 1541 Metapontinos

149 1555 242 1581 cum
273 1539 399 1580 literis
426 1540 661 1595 principum
691 1539 779 1580 eius
804 1540 980 1580 civitatis
1008 1540 1060 1580 ad
1092 1540 1265 1581 Fabium
1296 1542 1525 1583 Tarentum

149 1597 290 1646 mittit,
312 1596 437 1637 fidem
454 1597 504 1637 ab
526 1596 693 1637 consule
715 1606 969 1652 accepturos,
988 1597 1193 1653 impunita
1210 1599 1257 1639 iis
1274 1600 1409 1654 priora
1425 1600 1525 1650 fore,

149 1654 182 1694 si
223 1654 517 1709 Metapontum
558 1654 595 1694 ei
636 1669 731 1694 cum
779 1654 982 1709 praesidio
1024 1654 1185 1696 Punico
1234 1657 1523 1711 prodidissent.

151 1711 311 1759 Fabius,
330 1726 438 1761 vera,
457 1726 562 1766 quae
580 1711 786 1760 afferrent,
810 1726 896 1752 esse
913 1720 1037 1761 ratus,
1053 1712 1177 1762 diem,
1194 1728 1275 1768 qua
1291 1729 1526 1756 accessurus

149 1777 255 1809 esset
271 1767 580 1823 Metapontum,
597 1769 829 1817 constitujt3
863 1768 1083 1824 literasque
1101 1769 1154 1810 ad
1170 1771 1379 1827 principes
1396 1772 1524 1822 dedit,

149 1841 254 1881 quae
276 1825 328 1866 ad
355 1825 636 1866 Hannibalem
664 1825 825 1866 delatae
851 1835 958 1867 sunt.
1023 1826 1247 1868 Enimvero
1275 1828 1408 1870 laetus
1435 1845 1526 1871 suc-

1443 85 1518 122 361

1500 1232 1511 1249 2
1538 1226 1646 1254 urbem
1661 1236 1733 1264 cap-

148 1898 264 1924 cessu
294 1882 460 1932 fraudis,
490 1883 521 1923 si
554 1898 607 1923 ne
644 1882 795 1924 Fabius

826 1883 998 1939 quidem
1028 1884 1124 1925 dolo
1161 1885 1339 1926 invictus
1369 1887 1524 1936 fuisset,

148 1940 261 1981 haud
290 1939 435 1996 procul
466 1939 716 1996 Metaponto
746 1941 916 1981 insidias
945 1941 1075 1996 ponit.

1139 1941 1266 1983 Fabio
1297 1944 1525 1999 auspicanti

148 1998 274 2052 prius,
297 2012 421 2051 quam
443 1997 711 2052 egrederetur
737 1998 787 2037 ab
810 1997 1006 2046 Tarento,
1030 2013 1124 2038 aves
1151 1999 1278 2039 semel
1299 2010 1423 2055 atque
1450 2001 1526 2042 ite-

149 2069 241 2094 rum
262 2068 345 2094 non
368 2054 630 2094 addixerunt.

150 2211 324 2248 consulem,
337 2220 432 2250 quem
448 2214 620 2249 antequam
637 2210 749 2247 adiret,
765 2221 814 2241 oc-

151 2253 232 2283 cisus
248 2257 312 2289 est3
335 2254 389 2283 sed
405 2254 492 2292 apud
509 2263 561 2283 eos
577 2264 655 2292 quos
677 2253 760 2283 circa
783 2263 816 2283 se

150 2295 297 2325 habebat.
321 2296 425 2326 Cam.

193 2338 211 2367 S
227 2339 450 2376 Interroyante
465 2339 567 2367 scriba
584 2361 591 2367 .
608 2361 614 2367 .
632 2361 639 2367 .
653 2362 659 2367 .
677 2339 816 2378 relinqui

150 2381 258 2417 iussit]
274 2380 370 2409 Hanc
382 2379 572 2409 locutionem
586 2380 636 2409 vix
650 2380 815 2410 Livianam

151 2432 217 2452 esse
240 2422 359 2452 iudicat
385 2421 547 2451 Drakenb.
565 2422 685 2460 quippe
708 2424 816 2453 iubere

151 2466 249 2494 alicui
279 2463 392 2503 optimi
426 2463 495 2493 aevi
529 2464 733 2502 scriptoribus
766 2464 815 2493 vix

151 2507 348 2542 conveniret;
369 2506 422 2535 sed
440 2507 546 2536 iubere
559 2516 631 2535 cum
645 2506 752 2535 dativo
764 2506 816 2536 hic

151 2548 239 2587 iungi
261 2553 354 2587 negat
380 2548 528 2586 Raschig.
552 2547 605 2586 qui
627 2549 717 2577 iussit
739 2550 814 2578 scri-

151 2592 208 2621 bae
235 2592 385 2630 relinqui,
408 2590 492 2620 idem
517 2590 600 2628 quod
624 2591 714 2620 iussit
740 2592 814 2620 scri-

152 2634 221 2663 bam
250 2634 440 2672 relinquere.
468 2632 548 2661 velle
579 2636 696 2668 censet,
720 2636 816 2670 atque

152 2675 225 2704 huic
254 2675 322 2704 loco
349 2674 563 2704 anacoluthon
587 2675 746 2712 quoddam
770 2674 814 2704 in—

152 2728 229 2753 esse,
245 2717 422 2747 cuiusmodi
441 2716 576 2755 plurima
593 2717 679 2755 apud
698 2720 816 2746 veteres

152 2759 318 2799 scriptores
343 2759 492 2797 exempla
523 2758 736 2790 inveniuntur.
776 2759 813 2789 cf.

694 2053 844 2094 Hostia
860 2069 1027 2109 quoque
1045 2070 1162 2096 caesa
1179 2056 1410 2097 consulenti
1427 2057 1526 2099 deos

860 2211 936 2241 Tac.
955 2212 1038 2242 Ann.
1056 2211 1120 2242 xiii.
1144 2221 1189 2251 15.
1206 2217 1237 2243 ct
1254 2223 1304 2252 40.

901 2263 920 2293 9
944 2255 1029 2290 Quid
1042 2256 1120 2293 fieri
1143 2257 1242 2294 siynis
1262 2257 1367 2294 vellet]
1396 2257 1525 2297 Aliquid

858 2295 910 2326 hic
943 2297 1152 2335 depravatum
1185 2299 1234 2328 vel
1272 2299 1422 2329 omissum
1460 2311 1526 2331 esse

861 2338 988 2368 coniicit
1008 2340 1157 2375 Crevier„
1173 2340 1247 2378 quia
1272 2341 1440 2371 verisimile
1463 2353 1525 2372 non

860 2385 918 2417 est,
943 2381 1049 2411 onmia
1074 2382 1256 2413 Tarentinis
1280 2383 1367 2422 signa
1391 2383 1527 2423 ingentis

860 2423 1087 2461 magnitudinis
1123 2424 1230 2459 fuisse,
1272 2435 1330 2454 nec
1367 2436 1526 2465 quemque

860 2464 1016 2502 Deorum,
1040 2465 1098 2495 nisi
1130 2465 1160 2495 in
1188 2467 1318 2496 modum
1345 2469 1526 2507 pugnantis,

860 2506 1039 2537 formatum.
1091 2508 1237 2538 Roelh'us
1266 2515 1390 2539 mutata
1417 2511 1525 2541 distin-

860 2549 964 2578 ctione
984 2550 1053 2579 loco
1072 2550 1228 2579 subveniri
1247 2561 1338 2589 posse
1353 2551 1526 2591 existimat,

859 2592 1020 2630 quidfieri
1035 2593 1134 2629 siquis
1149 2593 1237 2623 vellet
1254 2594 1389 2632 ingentis
1406 2598 1525 2635 maym'-

860 2634 992 2665 tudinis,
1009 2632 1081 2672 (Dii
1098 2638 1170 2663 sunt
1187 2634 1264 2673 etc.)

906 2684 916 2704 1
937 2676 1126 2706 Constiterat
1138 2678 1216 2714 loco]
1241 2677 1324 2707 Edd.
1338 2679 1444 2717 plures
1455 2692 1524 2711 con-

858 2718 1018 2753 stituerat,
1036 2718 1168 2749 subaud.
1190 2729 1316 2758 agmen,
1332 2730 1406 2759 prae
1429 2733 1462 2754 se
1481 2724 1524 2754 fe-

861 2764 943 2798 runt,
960 2760 1044 2798 quod
1062 2760 1200 2792 Bekker.
1216 2761 1340 2793 retinet.
