1877 3178
321 116 402 155 286

116 209 162 282 H..
179 210 218 283 g
239 218 310 249 541·
322 210 577 268 aequaretur.

820 114 967 156 ΤΙΤΙ
1006 114 1183 155 LIVII

640 203 706 244 Ex
736 204 927 245 omnibus
956 204 1187 259 legionibus
1222 203 1343 245 electi
1378 214 1474 245 sunt
1508 205 1688 254 iuvenes,

239 263 310 285 ²¹¹·
323 260 501 301 maxime
532 260 670 317 vigore
700 276 747 302 ac
776 261 941 302 levitate
972 276 1190 316 corporum
1220 260 1404 302 veloces:
1447 262 1495 302 iis
1524 277 1688 317 parmae

322 317 541 367 breviores,
559 333 683 373 quam
699 327 921 373 equestreS,
939 327 981 359 et
1001 326 1170 373 septena
1185 318 1317 359 iacula
1333 331 1552 374 quaternos
1568 319 1691 374 longa

353 374 450 415 edes
479 374 586 424 data,
616 375 799 430 praefixa
829 375 949 424 ferro,
986 375 1106 430 quale
1140 375 1265 416 hastis
1301 375 1537 416 velitaribus
1568 375 1686 416 inest.
1705 391 1722 423 7

322 389 407 472 {os
420 432 600 487 singulos
621 433 664 472 in
681 447 809 488 equos
825 447 918 472 suos
931 432 1179 487 accipientes
1195 432 1356 488 equites
1372 432 1689 496 assuefecerunt,

323 497 365 529 et
383 489 479 529 vehi
506 497 597 544 post
624 504 723 537 sese,
746 498 788 529 et
815 489 976 529 desilire
1004 489 1237 544 perniciter,
1260 489 1331 529 ubi
1356 489 1518 545 signum
1547 489 1690 529 datum

324 555 441 586 esset.
503 546 728 611 Postquam
749 546 1012 587 assuetudine
1034 546 1275 601 quotidiana
1291 546 1386 587 satis
1407 554 1489 586 1nt1
1493 545 1613 601 epide
1630 546 1690 585 vi-

322 617 413 642 sum
441 612 501 643 est
521 603 654 652 fieri,
645 618 689 643 111
716 618 920 658 campum,
943 604 1015 658 qui
1042 603 1202 644 medius
1223 603 1331 644 inter
1357 612 1488 644 castra
1507 618 1691 643 murum-

322 673 403 714 que
426 668 523 709 erat,
546 660 737 700 adversus
764 660 982 701 instinctos
1006 659 1242 716 Campanoi
1246 675 1314 700 um
1339 660 1500 715 equites
1527 674 1690 715 proces-

321 725 484 757 serunt:
517 726 570 766 et,
602 717 673 758 ubi
702 716 754 757 ad
785 716 1017 758 coniectum
1048 717 1119 758 teli
1149 727 1317 758 ventum
1347 726 1420 766 est,
1448 717 1565 772 signo
1593 716 1689 757 dato

322 773 466 814 velites
486 773 692 814 desiliunt.
754 773 961 814 Pedestris
981 774 1078 814 inde
1103 775 1210 815 acies
1231 790 1283 815 ex
1308 774 1495 829 equitatu
1519 781 1689 829 repente

322 829 366 869 in
400 829 579 871 hostium
612 831 773 895 equites
806 831 1001 872 incurrit:
1044 831 1258 886 iaculaque
1291 846 1386 872 eum
1418 831 1576 887 impetu
1611 830 1690 871 alia

322 901 445 942 super
476 887 555 928 alia
585 889 792 928 emittunt.
858 887 1020 935 Quibus
1050 888 1235 944 plmimis
1266 888 1311 928 in
1341 903 1469 943 equos
1498 888 1688 943 virosque

321 944 470 998 passim
501 945 697 984 coniectis
727 944 959 1009 permultos
982 945 1325 985 vulneraverunt.
1359 945 1518 1000 pavoris
1549 953 1689 985 tamen

321 999 414 1054 plus
434 1016 486 1040 ex
507 1016 549 1040 re
578 1015 684 1041 nova
690 1009 828 1064 atque
850 1001 1061 1065 inopinata
1088 1002 1286 1042 iniectum
1308 1011 1380 1050 est,
1402 1010 1444 1042 et
1464 1002 1507 1042 in
1527 1001 1690 1057 percul-

321 1071 411 1096 sum
428 1057 587 1097 hostem
605 1057 765 1111 equites
782 1058 946 1106 invecti,
967 1058 1106 1113 fugam
1122 1067 1380 1114 stragemque
1398 1073 1539 1099 eorum
1557 1073 1688 1113 usque

322 1113 374 1152 ad
409 1121 544 1168 portas
573 1113 771 1154 fecerunt.
834 1113 938 1154 Inde
969 1092 1158 1169 quuitatu
1187 1130 1354 1169 quoque
1385 1115 1571 1170 superior
1602 1115 1689 1156 Ro-

322 1185 443 1210 mana
469 1185 532 1210 res
553 1170 640 1210 fuit.
703 1170 958 1219 Institutum,
981 1180 1027 1212 ut
1046 1171 1223 1212 velites
1213 1187 1257 1211 1n
1282 1171 1513 1227 legionibus
1541 1180 1685 1212 essent.
1703 1183 1721 1212 8

322 1227 550 1267 Auctorem
596 1227 786 1282 peditum
827 1228 957 1282 equiti
1002 1228 1366 1269 immiscendorum
1406 1228 1689 1269 centurionem

325 1282 376 1331 Q.
410 1284 591 1325 Navium
630 1284 780 1334 ferunt,
821 1284 1052 1340 honorique
1093 1285 1136 1325 id
1171 1285 1211 1326 ei
1250 1285 1361 1341 apud
1400 1285 1691 1340 imperatorem

116 1181 240 1211 Velites
255 1181 286 1211 in

116 1224 298 1263 legionibus.

321 1340 455 1382 fuisse.

192 1407 229 1444 5,
383 1397 563 1445 Quum
553 1413 596 1438 111
623 1398 702 1439 hoc
722 1406 831 1439 statu
851 1398 903 1439 ad
934 1398 1123 1454 Capuam
1150 1414 1215 1440 res
1241 1408 1388 1448 essent,
1411 1398 1722 1444 Hannibalem9

117 1461 282 1491 Hannibal
323 1454 528 1495 diversum
546 1455 796 1496 Tarentinae
810 1456 912 1496 arcis
931 1456 1157 1511 potiundae
1175 1455 1428 1512 Capuaeque
1450 1456 1690 1497 retinendae

114 1503 147 1533 in
164 1504 243 1534 Cam
248 1514 300 1543 p‘z

115 1545 199 1575 niam
213 1556 245 1576 re
247 1546 303 1577 dit
325 1511 541 1552 trahebant
565 1527 697 1552 curae.
759 1512 872 1553 Vicit
893 1521 1031 1554 tamen
1058 1522 1267 1568 respectus
1291 1513 1504 1569 Capuae,
1495 1528 1538 1553 1n
1566 1528 1690 1569 quam

324 1568 510 1609 omnium
540 1569 743 1609 sociorum
773 1569 1037 1625 hostiumque
1068 1585 1284 1611 conversos
1313 1570 1479 1611 videbat
1508 1571 1689 1619 animos3

323 1625 573 1666 documento
608 1625 782 1674 futurae,
819 1626 1151 1682 qualemcunque
1191 1637 1385 1668 eventum
1425 1627 1601 1669 defectio
1640 1628 1717 1668 ab1

324 1682 523 1723 Romanis
548 1682 767 1722 habuisset.
829 1682 973 1737 Igitur,
996 1698 1143 1737 magna
1163 1693 1278 1738 parte
1300 1684 1691 1739 impedimentorum

322 1739 464 1780 relicta
494 1739 538 1779 in
570 1738 755 1788 Bruttiis,
776 1748 818 1779 et
845 1739 958 1779 omni
985 1740 1168 1794 graviore
1193 1749 1364 1789 armatu,
1395 1756 1490 1781 cum
1521 1741 1691 1782 delectis

322 1796 509 1851 peditum
531 1796 815 1851 equitumque,
838 1811 962 1851 quam
989 1804 1150 1851 poterat
1170 1797 1389 1851 aptissimis
1409 1797 1462 1837 ad
1482 1807 1690 1838 maturan-

322 1853 423 1893 dum
455 1853 625 1902 ite1,in
663 1852 935 1917 Campaniam
968 1853 1193 1893 contendit.
1257 1853 1396 1894 Secuti
1432 1862 1570 1894 tamen
1606 1863 1689 1894 tam

322 1910 471 1965 raptim
496 1920 665 1951 euntem
690 1918 771 1951 tres
792 1918 834 1950 et
858 1909 1027 1965 triginta
1046 1909 1268 1965 elephanti.
1328 1909 1379 1950 In
1399 1910 1503 1950 valle
1531 1911 1691 1951 occulta

1029 2042 1215 2072 rorariorum
1246 2046 1278 2072 et
1307 2052 1532 2078 accensorum3
1565 2046 1597 2072 at
1627 2052 1689 2072 non

1030 2085 1141 2114 velites
1157 2084 1281 2124 proprie
1297 2085 1407 2115 dictos.
1446 2085 1479 2114 Si
1494 2085 1620 2123 quando
1636 2084 1689 2123 igi-

372 2050 387 2081 7
412 2044 521 2079 Ferro,
550 2044 644 2082 quale
673 2043 771 2072 hastis
799 2043 986 2073 velitaribus

323 2086 420 2121 inest]
463 2085 514 2114 De
545 2085 675 2114 velitum
707 2084 905 2114 institutione
935 2085 985 2114 hic

323 2127 435 2165 agitur.
480 2126 568 2161 Quid
585 2136 656 2165 ergo
673 2136 752 2165 opus
774 2130 821 2156 est
844 2127 985 2156 observa—

324 2179 356 2198 re
373 2169 483 2199 velites
497 2172 635 2198 armatos
653 2179 719 2198 esse
738 2168 835 2198 hastis
852 2168 985 2198 velitari-

324 2212 402 2241 bus?
448 2210 609 2240 Nimirum
633 2211 724 2241 hasta
739 2210 877 2241 velitaris
892 2210 985 2240 sumi-

323 2256 376 2283 tur
398 2253 541 2282 universe
559 2263 615 2291 pro
638 2253 728 2283 hasta
750 2253 880 2283 missili:
905 2263 985 2291 quae

324 2295 453 2333 quidem
476 2295 508 2324 in
532 2305 589 2325 usu
610 2295 670 2324 fuit
686 2299 717 2325 et
732 2298 807 2325 ante
825 2294 986 2325 institutos

325 2337 448 2373 velites,
473 2347 557 2375 supr.
583 2337 668 2367 xxiv.
697 2346 747 2376 34,
771 2340 802 2367 et
832 2341 903 2376 post
932 2347 984 2367 ex-

325 2379 464 2409 stinctos.
489 2380 593 2409 CnEv.

368 2422 386 2451 8
409 2423 607 2458 Institutzmn,
621 2425 657 2451 ut
674 2422 781 2452 velites
803 2422 838 2451 in
859 2422 985 2460 leyiom'-

326 2464 382 2493 ἔκηε
407 2465 523 2501 essent]
567 2464 672 2493 Antea
697 2462 759 2493 iam
785 2463 817 2492 in
844 2463 986 2493 exerciti-

326 2506 384 2534 bus
401 2505 553 2535 Romanis
576 2505 653 2535 levis
672 2511 850 2535 armaturae
870 2505 987 2535 milites

326 2551 424 2577 erant.
470 2548 531 2577 Sed
548 2547 626 2578 levis
641 2551 799 2578 armatura
820 2557 987 2577 commune

327 2599 441 2618 nomen
468 2593 525 2625 est,
548 2589 636 2619 cuius
662 2590 753 2628 plura
779 2594 851 2619 sunt
872 2600 988 2629 genera

327 2630 391 2659 sive
407 2635 521 2668 partes,
537 2635 571 2661 ut
587 2632 705 2669 rorarii,
719 2632 854 2668 accensi,
867 2633 906 2661 de
921 2632 987 2670 qui-

328 2672 386 2700 bus
410 2672 518 2702 Livius
541 2673 602 2703 viii.
620 2674 648 2703 8.
665 2673 738 2712 egit,
754 2678 785 2703 et
808 2674 829 2703 ii
851 2674 904 2712 qui
928 2674 987 2704 hoe

329 2713 398 2741 loeo
419 2713 567 2743 dicuntur
583 2715 701 2746 velites.
746 2715 849 2745 Vetus
869 2726 940 2755 ergo
955 2716 990 2746 il-

331 2754 361 2782 la
389 2753 465 2782 levis
489 2760 648 2786 almatura
670 2757 780 2786 habuit
804 2758 990 2797 sagittarios,

1029 2130 1080 2156 tur
1095 2127 1214 2156 mentio
1231 2127 1266 2156 fit
1282 2127 1413 2156 velitum
1438 2126 1590 2165 prioribus
1611 2130 1690 2156 tem-

1030 2169 1169 2207 poribus,
1185 2173 1220 2198 ut
1236 2169 1321 2199 xxiv.
1344 2178 1392 2207 34.
1415 2168 1558 2207 intellige
1580 2169 1690 2198 veteri-

1029 2212 1087 2240 bus
1102 2211 1165 2241 illis
1180 2211 1257 2241 levis
1272 2215 1450 2240 armaturae
1472 2210 1626 2240 militibus
1640 2221 1690 2240 ac<

1029 2254 1265 2283 commodatum
1281 2263 1348 2283 esse
1366 2252 1447 2282 illud
1462 2262 1590 2290 nomen,
1605 2253 1689 2291 quod

1028 2298 1136 2325 tamen
1161 2295 1199 2325 iis
1222 2294 1348 2334 proprio
1367 2304 1459 2325 sensu
1478 2304 1543 2324 non
1564 2304 1690 2334 compe-

1028 2338 1124 2368 tebat.
1170 2337 1262 2367 Haec
1287 2337 1386 2366 fusius
1412 2336 1572 2376 explicata
1593 2337 1691 2366 habes

1029 2380 1115 2418 apud
1139 2379 1295 2418 Lipsium,
1318 2380 1358 2409 de
1381 2379 1452 2410 Mil.
1478 2379 1572 2409 Rom.
1596 2378 1638 2409 iii.
1664 2388 1690 2409 1.

1030 2422 1134 2452 OnEv.

1071 2473 1090 2503 9
1114 2465 1329 2494 Hannibalem
1352 2463 1526 2500 diversum]
1558 2462 1590 2493 h.
1605 2472 1632 2493 e.
1650 2462 1690 2492 In

1031 2505 1168 2535 diversas
1185 2509 1297 2545 partes.

1077 2557 1087 2577 1
1114 2549 1307 2578 Documento
1321 2548 1472 2585 futurae,
1490 2548 1691 2587 qualemcun-

1031 2601 1090 2629 que
1115 2591 1275 2627 eventum]
1317 2589 1501 2628 Propositae
1526 2589 1559 2618 in
1586 2598 1690 2618 exem-

1031 2632 1121 2670 plum
1144 2642 1181 2661 ac
1201 2633 1439 2668 documentum,
1454 2634 1490 2660 ut
1513 2641 1551 2661 ex
1575 2634 1689 2660 eventu

1031 2683 1125 2712 quem
1145 2674 1382 2713 Campanorum
1404 2674 1444 2702 ab
1465 2672 1619 2702 Romanis
1638 2672 1689 2700 de-

1034 2716 1129 2745 fectio
1148 2716 1319 2751 habuisset,
1334 2715 1428 2745 ceteri
1450 2724 1558 2744 omnes
1580 2712 1689 2752 populi

1035 2757 1210 2788 iudicarent
1223 2761 1292 2788 utra
1304 2757 1446 2792 societas,
1460 2756 1689 2785 Romanorum-

329 2795 514 2831 funditores,
540 2797 739 2834 iaculatores,
764 2799 817 2837 qui
845 2800 992 2829 videntur
1034 2810 1128 2830 nean
1147 2799 1350 2835 HannibaliS‚
1366 2798 1468 2837 potior
1483 2800 1573 2827 esset.
1597 2796 1657 2825 CR.

329 2836 547 2874 comprehensi
581 2838 674 2870 fuisse
704 2840 826 2878 duplici
862 2841 989 2872 nomine
