1825 3173
321 95 366 130 1&
827 90 975 131 ΤΙΤΙ
1016 89 1194 131 LIVII

102 190 144 219 Π.
162 190 199 220 C.
219 199 288 227 534-
316 179 369 220 ad
399 178 641 235 cupidinem
672 194 802 219 novae
834 179 1023 219 fortunae
1055 186 1290 219 erexerunt.
1373 176 1446 217 Ad
1476 176 1703 218 Volcianos

99 234 137 262 A.
163 232 200 261 ⁰·
222 234 289 261 ²¹8·
317 236 414 277 inde
435 245 497 277 est
526 244 720 277 ventum:
755 251 932 290 quorum
963 235 1125 276 celebre
1156 249 1231 291 per
1253 233 1501 290 Hispaniam
1530 248 1702 290 respon-

317 309 408 334 sum
430 302 588 334 ceteros
609 293 784 349 populos
806 293 856 333 ab
878 293 1073 333 societate
1101 293 1289 333 Romana
1310 291 1469 332 avertit.
1502 290 1568 331 Ita
1588 291 1701 331 enim

317 352 522 391 maximus
552 360 654 391 natu
684 365 736 390 ex
768 350 817 390 iis
847 350 891 389 in
922 349 1093 390 consilio
1124 349 1359 404 respondit:
1406 348 1554 395 ‘Quae
1585 362 1702 388 vere-

319 407 497 448 ‘cundia
525 416 598 457 est,
623 407 819 456 Romani,
842 407 1050 462 postulare
1080 422 1164 456 VOS,
1186 407 1249 447 uti
1276 414 1453 446 vestram
1481 403 1702 459 Carthagi-

319 465 551 505 ‘niensium
582 464 787 505 amicitiae
818 478 1133 519 praeponamus,
1157 478 1301 519 quum,
1324 462 1397 518 qui
1427 461 1470 501 id
1500 461 1703 509 fecerunt,

319 521 599 577 ‘Saguntinos
629 520 849 569 crudelius,
882 535 1007 576 quam
1039 520 1207 561 Poenus
1246 520 1374 560 hostis
1404 518 1600 575 perdidit,
1632 532 1704 558 vos

320 579 443 620 ‘socii
473 578 769 634 prodideritis‘?
830 577 895 618 Ibi
926 578 1133 633 quaeratis
1163 577 1307 625 socios,
1330 591 1492 624 censeo,
1525 575 1598 615 ubi
1631 573 1705 616 Sa-

320 641 331 659 ‘
343 636 520 691 guntina
535 635 672 676 clades
693 635 836 690 ignota
856 643 927 675 est.
963 634 1163 690 Hispanis
1184 634 1362 690 populis,
1385 634 1491 674 sicut
1511 632 1702 688 lugubre,

320 693 403 733 ‘ita
434 693 595 748 insigne
627 693 929 733 documentum
974 691 1150 747 Sagunti
1181 692 1325 738 ruinae
1357 699 1492 738 erunt,
1525 704 1578 730 ne
1610 689 1704 744 quis

322 749 445 790 ‘fidei
487 750 703 790 Romanae
744 758 816 789 aut
851 749 1036 789 societati
1077 748 1285 789 confidat?
1344 747 1451 788 Inde
1492 745 1705 801 extemplo

321 807 432 847 abire
464 807 615 847 finibus
645 806 945 846 Volcianorum
976 806 1087 853 iussi,
1116 806 1167 846 ab
1198 804 1314 845 nullo
1345 804 1497 845 deinde
1528 802 1706 844 concilio

323 862 552 919 Hispaniae
589 863 833 918 benigniora
867 863 993 903 verba
1032 862 1175 902 tulere.
1238 861 1386 917 Itaque
1423 861 1704 916 nequicquam

170 919 236 955 20·
320 930 536 975 peragrata
557 919 775 975 Hispania,
798 920 841 959 in
866 919 1023 960 Gallias
1049 927 1275 959 transeunt.
1338 918 1390 959 In
1411 918 1475 958 his
1496 933 1603 958 nova
1624 926 1703 958 ter·
1723 937 1733 957 1

106 974 221 1003 Gallos
235 974 287 1003 ad-
320 977 533 1032 ribilisque
554 977 712 1032 specics
732 977 817 1016 visa
838 985 911 1025 est,
935 976 1049 1031 quod
1069 976 1215 1016 armati
1236 975 1314 1024 (ita
1333 990 1421 1016 mos
1441 975 1577 1030 gentis
1598 982 1707 1028 erat)

104 1019 190 1073 egunt.
320 1034 364 1074 in
385 1034 610 1074 concilium
639 1042 855 1074 venerunt.
922 1034 1079 1082 Quum,
1102 1033 1236 1073 verbis
1263 1032 1511 1073 extollentes
1532 1031 1705 1087 gloriam

320 1091 601 1146 virtutemque
642 1090 787 1145 populi
836 1090 1017 1130 Romani
1058 1105 1104 1130 ac
1152 1089 1485 1144 magnitudinem
1526 1089 1704 1144 imperii,

319 1148 533 1202 petissent,
556 1162 609 1187 ne
638 1146 795 1195 Poeno,
818 1146 975 1187 bellum
997 1146 1142 1187 Italiae
1171 1146 1380 1195 inferenti,
1402 1161 1478 1201 per
1497 1161 1616 1201 agros
1637 1160 1706 1186 ur-

319 1205 475 1259 besque
507 1218 599 1243 suas
630 1203 851 1243 transitum
882 1203 1052 1251 darent3
1106 1212 1246 1243 tantus
1277 1218 1373 1242 cum
1403 1203 1573 1243 fremitu
1602 1203 1707 1243 risus

318 1261 473 1301 dicitur
492 1268 618 1308 ortus,
642 1268 688 1300 ut
716 1260 784 1300 vix
806 1275 829 1300 a
850 1260 1155 1314 magistratibus
1183 1259 1491 1314 maioribusque
1519 1267 1623 1300 natu
1643 1259 1707 1300 iu-

320 1325 469 1367 ventus
504 1317 729 1357 sedaretur.
793 1317 918 1357 Adeo
954 1316 1104 1357 stolida
1139 1316 1447 1371 impudensque
1482 1316 1707 1371 postulatio

320 1374 406 1414 visa
433 1382 507 1421 est,
530 1388 712 1421 censere,
734 1388 787 1414 ne
820 1373 863 1413 in
894 1373 1058 1413 Italiam
1088 1374 1370 1414 transmittant
1394 1372 1506 1413 Galli
1534 1373 1705 1422 bellum,
1721 1392 1737 1413 2

321 1431 431 1485 ipsos
452 1430 495 1470 id
511 1438 694 1470 avertere
712 1430 756 1469 in
773 1445 829 1478 se,
847 1445 1049 1485 agrosque
1067 1445 1161 1470 suos
1182 1445 1257 1485 pro
1279 1429 1424 1470 alienis
1444 1430 1707 1485 populandos

321 1488 512 1528 obiicere.
578 1486 731 1527 Sedato
762 1486 932 1527 tandem
962 1486 1143 1535 fremitu,
1175 1501 1418 1541 responsum
1455 1487 1600 1541 legatis
1631 1498 1705 1536 est,

323 1549 335 1567 ⁶
349 1544 503 1599 Neque
526 1543 812 1584 Romanorum
841 1543 884 1583 in
906 1558 947 1583 se
977 1543 1172 1583 meritum
1200 1558 1301 1592 esse,
1323 1558 1462 1598 neque
1487 1543 1708 1599 Carthagi—

322 1601 555 1641 ‘niensium
576 1600 783 1649 iniuriam,
802 1601 854 1641 ob
872 1615 977 1655 quae
1000 1608 1069 1640 aut
1087 1615 1161 1655 pro
1186 1600 1401 1649 Romanis,
1420 1608 1491 1640 aut
1513 1600 1708 1641 adversus

322 1664 333 1681 ‘
347 1658 511 1698 Poenos
532 1665 697 1698 sumant
718 1672 841 1697 arina.
907 1656 1068 1697 Contra
1088 1672 1137 1698 ea
1164 1657 1307 1698 audire
1330 1672 1431 1706 sese,
1452 1658 1589 1713 gentis
1609 1673 1708 1699 suae

323 1714 536 1755 ‘homines
568 1714 674 1769 agris
704 1714 941 1769 finibusque
973 1714 1117 1755 Italiae
1149 1714 1247 1769 pelli
1279 1729 1303 1754 a
1332 1714 1489 1770 populo
1513 1714 1708 1756 Romano

323 1771 687 1826 ‘stipendiumque
718 1771 915 1826 pendere,
938 1779 981 1811 et
1008 1780 1146 1812 cetera
1167 1771 1341 1826 indigna
1370 1772 1483 1826 pati.’
1545 1771 1706 1813 Eadem

321 1828 449 1868 ferme
486 1829 529 1868 in
565 1828 712 1868 ceteris
751 1828 912 1868 Galliae
953 1828 1138 1869 conciliis
1178 1828 1290 1869 dicta
1325 1828 1575 1884 auditaque:
1628 1844 1707 1870 nec

320 1885 523 1940 hospitale
555 1885 780 1940 quicquam
810 1893 1055 1940 pacatumve
1087 1885 1182 1926 satis
1210 1885 1325 1940 prius
1355 1885 1557 1935 auditum,
1580 1900 1707 1941 quam

323 1941 552 1982 Massiliam
573 1956 736 1982 venere.
776 1941 841 1982 Ibi
863 1942 1015 1990 omnia,
1058 1943 1108 1982 ab
1130 1942 1250 1982 sociis
1271 1942 1472 1998 inquisita
1492 1958 1588 1984 cum
1609 1956 1743 1988 cura&

321 2013 367 2038 ac
399 1998 496 2047 fide,
529 1998 708 2053 cognita,
743 2004 1091 2054 ‘praeoccupatos
1130 1999 1213 2039 iam
1253 2007 1349 2040 ante
1382 2000 1433 2040 ab
1466 1999 1707 2041 Hannibale

323 2060 335 2077 ‘
352 2054 568 2096 Gallorum
590 2055 749 2095 animos
771 2071 881 2096 esse:
917 2056 990 2096 sed
1006 2071 1058 2096 ne
1081 2055 1141 2095 illi
1159 2056 1331 2111 quidem
1348 2056 1426 2111 ipsi
1443 2057 1540 2096 satis
1561 2057 1707 2098 mitem

325 2117 516 2166 ‘gentem
547 2112 646 2161 fore,
670 2112 794 2167 (adeo
825 2113 978 2153 ferocia
1007 2121 1132 2167 atque
1165 2112 1370 2153 indomita
1398 2113 1568 2168 ingenia
1598 2113 1708 2168 esse)

325 2168 392 2207 ‘ni
427 2168 603 2208 subinde
640 2183 752 2217 auro,
790 2170 907 2209 cuius
948 2169 1184 2209 avidissima
1219 2184 1323 2223 gens
1359 2177 1433 2217 est,
1469 2170 1707 2225 principum

324 2225 475 2264 ‘animi
502 2225 801 2265 concilientur.’
861 2225 926 2265 Ita
955 2226 1180 2281 peragratis
1212 2225 1441 2280 Hispaniae
1470 2233 1512 2266 et
1545 2225 1707 2267 Galliae

322 2281 499 2336 populis,
522 2281 646 2337 legati
670 2282 849 2322 Romam
874 2282 1064 2331 redeunt,
1088 2282 1201 2322 haud
1222 2282 1280 2322 ita
1300 2281 1431 2322 multo
1452 2291 1558 2337 post,
1581 2298 1705 2338 quam

322 2338 512 2378 consules
542 2338 585 2378 in
616 2338 847 2393 provincias
877 2339 1052 2393 profecti
1083 2348 1211 2379 erant.
1277 2337 1503 2380 Civitatem
1538 2354 1707 2380 omnem

324 2395 366 2433 in
389 2395 743 2449 exspectationem
764 2395 863 2435 belli
884 2404 1063 2436 erectam
1085 2395 1348 2444 invenerunt,
1371 2396 1468 2436 satis
1489 2404 1706 2437 constante

324 2452 442 2499 fama,
466 2452 546 2491 iam
570 2451 737 2491 Iberum
759 2452 924 2492 Poenos
946 2452 1227 2492 transmisisse.

175 2514 239 2549 2²1.
383 2508 608 2556 Hannibal,
630 2507 816 2563 Sagunto
837 2518 971 2564 capto,
992 2509 1289 2563 Carthaginem
1308 2509 1518 2550 novalnin
1534 2509 1708 2550 hiberna

372 2649 382 2668 1
412 2641 449 2668 In
467 2640 532 2675 his]
558 2650 600 2669 sc.
618 2641 743 2671 Galliae
756 2642 896 2680 populis,
907 2643 992 2680 quod
1038 2642 1120 2672 hanc
1159 2653 1281 2680 vocem,
1314 2646 1347 2672 et
1383 2643 1554 2673 delendam
1599 2647 1707 2673 censet

325 2680 581 2710 subaudiendum
611 2686 742 2711 monent
771 2683 932 2713 Strothius
961 2687 993 2713 et.
1039 2684 1179 2715 Gronov.

328 2723 424 2752 Doer.
1083 2736 1100 2764 3
1123 2728 1174 2756 Ab
1188 2727 1296 2763 sociis]
1326 2736 1368 2755 sc.
1386 2725 1651 2761 Massiliensibus,
1667 2726 1707 2756 de

375 2774 390 2793 ‘2
419 2764 569 2801 sensere]
612 2764 675 2794 Pro
712 2768 876 2803 censendo,
913 2767 943 2796 h.
968 2777 994 2797 e.
1040 2778 1173 2804 quorun]
1194 2768 1254 2796 fide
1272 2767 1310 2797 ef.
1328 2767 1397 2797 infr.
1415 2767 1501 2796 xxvi.
1520 2777 1568 2797 22.
1586 2771 1617 2797 et
1637 2768 1706 2799 Pol.

328 2806 544 2845 proponenda
566 2806 673 2836 Dona.
719 2806 995 2844 Supervacaneam
1043 2809 1084 2838 iii.
1102 2819 1151 2847 95,
1179 2810 1261 2839 Rrr.
