1877 3178
149 220 193 251 U.
211 221 248 250 C.
271 228 341 259 545.

149 264 186 293 Α.
212 263 248 293 (Β.
273 270 343 300 207.

152 833 326 864 Proelium.

153 1338 297 1368 Vincunt

152 1380 302 1410 Romani.

157 2186 196 2214 In
214 2185 321 2215 Baeti-

154 2236 223 2273 cam
244 2227 268 2256 it
285 2227 349 2257 Sci-

156 2278 218 2305 pio.

350 124 432 161 402
857 117 1002 158 ΤΙΤΙ
1045 115 1222 157 LIVII

356 208 530 257 occulta,
552 206 766 248 considere
787 205 974 255 militem,
993 214 1034 245 et
1055 206 1193 246 cibum
1215 219 1360 260 capere
1384 205 1509 245 iubet.
1557 204 1731 245 Interim

356 264 644 320 speculatores,
695 263 996 317 transfugarum
1048 262 1160 301 dieta
1208 262 1470 310 affirmantes,
1515 270 1730 301 venerunt.

358 322 483 370 Tum,
505 320 674 361 sarcinis
699 320 741 359 in
770 319 955 359 medium
981 318 1191 366 coniectis,
1214 333 1326 358 arma
1349 317 1529 357 Romani
1550 317 1732 372 capiunt,

357 378 528 433 acieque
553 377 659 417 iusta
687 377 729 415 in
757 389 940 430 pugnam
962 374 1131 414 vadunt.
1194 374 1313 414 Mille
1335 388 1528 429 passuum
1550 374 1732 421 aberant,

358 449 488 490 quum
517 434 567 473 ab
592 433 709 473 hoste
738 432 949 486 conspecti
977 438 1086 478 sunt,
1121 430 1401 485 trepidarique
1438 438 1607 484 repente
1641 444 1735 469 eoe-

358 499 489 546 ptum.
531 490 587 529 Et
604 489 733 543 BIago
750 503 801 528 cx
819 487 960 528 castris
977 487 1101 527 citato
1118 502 1227 541 equo
1244 486 1297 526 ad
1312 487 1493 541 primurn
1511 486 1735 526 clamorem

358 555 400 587 et
421 546 645 586 tumultum
668 544 897 585 advehitur.
947 543 1078 583 Erant
1099 553 1238 583 autem
1255 543 1298 582 in
1318 542 1532 582 Celtibero
1549 541 1735 582 exercitu

358 611 556 658 quattuor
576 601 704 641 millia
724 608 976 640 scutatorum
999 608 1040 639 et
1057 600 1227 639 ducenti
1249 599 1434 654 equites3
1457 598 1565 638 hane
1587 598 1736 637 iustam

357 659 563 713 legionem
596 660 658 711 (et
690 658 732 697 id
762 657 890 696 ferme
924 656 1079 695 roboris
1111 655 1217 705 erat)
1247 656 1290 695 in
1321 656 1455 709 prima
1485 655 1571 695 acie
1600 654 1733 694 locat:

358 724 528 763 ceteros,
551 715 683 754 levem
713 721 974 759 armaturam,
998 712 1039 750 in
1071 712 1263 751 subsidiis
1291 712 1438 766 posuit.
1505 711 1647 758 Quum
1681 710 1738 750 ita

358 771 578 811 instructos
608 770 804 810 educeret
836 768 987 815 castris,
1016 768 1189 807 vixdum
1222 768 1264 807 in
1298 782 1481 822 egressos
1511 767 1618 807 vallo
1650 766 1738 806 Ro-

359 828 471 868 mani
492 827 576 882 pila
596 826 875 866 coniecerunt.
927 824 1157 864 Subsidunt
1174 824 1354 878 Hispani
1376 824 1570 863 adversus
1592 823 1739 863 emissa

360 884 441 923 tela
457 885 507 923 ab
524 884 654 930 hoste,
673 882 770 920 inde
788 881 841 920 ad
862 880 1065 919 mittenda
1086 880 1163 934 ipsi
1180 889 1458 934 consurgunt3
1483 895 1589 934 quac
1607 894 1739 934 quum

361 939 541 979 Romani
563 938 751 985 conferti,
776 946 821 976 ut
842 936 987 983 solent,
1006 936 1186 976 densatis
1208 937 1468 991 excepissent
1488 936 1626 984 scutis,
1650 944 1738 975 tum

358 1010 431 1050 pes
452 1010 546 1036 cum
569 994 674 1049 pede
697 993 882 1040 collatus,
906 1001 947 1032 ct
973 992 1119 1046 gladiis
1147 993 1232 1045 geri
1262 1008 1325 1032 res
1351 1000 1497 1046 coepta
1518 1001 1589 1032 est.
1656 992 1739 1032 Ce-

361 1061 494 1092 terum
531 1050 726 1105 asperitas
761 1049 945 1088 locorum
983 1057 1023 1088 et
1060 1047 1294 1096 Celtiberis,
1327 1049 1477 1103 quibus
1507 1049 1549 1087 in
1580 1048 1738 1103 proelio

359 1121 601 1148 concursare
624 1121 711 1146 mos
733 1113 806 1153 est,
830 1105 1089 1144 velocitatem
1114 1104 1301 1144 inutilem
1324 1105 1526 1152 faciebat3
1559 1114 1601 1145 et
1625 1105 1739 1145 haud

358 1164 503 1218 iniqua
533 1163 678 1203 eadem
712 1170 799 1202 erat
833 1161 1033 1200 Romanis
1066 1161 1200 1201 stabili
1233 1176 1397 1215 pugnae
1431 1161 1626 1209 assuetis3
1659 1161 1739 1201 nisi

359 1220 472 1275 quod
494 1219 706 1274 augustiae
732 1227 774 1258 et
798 1218 1003 1257 internata
1023 1217 1199 1272 virgulta
1225 1217 1391 1257 ordines
1413 1217 1675 1266 dirimebant,
1698 1225 1740 1257 et

358 1276 511 1332 singuli
532 1276 719 1329 binique,
737 1274 851 1314 velut
868 1289 962 1313 cum
984 1275 1164 1328 paribus3
1183 1289 1396 1313 conserere
1419 1289 1602 1328 pugnam
1619 1289 1740 1328 coge-

360 1333 521 1373 bantur.
588 1331 715 1379 Quod
737 1331 789 1371 ad
810 1331 949 1385 fugam
972 1330 1272 1385 impedimento
1294 1330 1481 1370 hostibus
1502 1337 1600 1378 erat,
1623 1330 1667 1370 id
1688 1330 1740 1370 ad

360 1389 530 1430 caedem
557 1403 639 1437 eOS,
663 1388 776 1427 velut
800 1388 971 1433 vinctos,
998 1388 1231 1441 praebebat.
1296 1386 1351 1426 Et
1379 1387 1473 1435 iam,
1495 1387 1623 1427 ferme
1652 1401 1740 1427 orn-

359 1446 481 1485 nibus
511 1445 679 1485 scutatis
715 1443 1020 1484 Celtiberorum
1055 1443 1293 1491 interfectis,
1328 1443 1429 1483 levis
1465 1452 1670 1483 armatura
1699 1450 1741 1483 et

362 1501 741 1556 Carthaginienses,
777 1500 849 1554 qui
885 1515 937 1540 ex
971 1499 1108 1540 alteris
1141 1500 1280 1540 eastris
1313 1500 1496 1539 subsidio
1527 1507 1738 1548 venerant,

358 1558 537 1613 perculsi
565 1558 855 1597 caedebantur.
918 1556 1018 1596 Duo
1050 1556 1161 1596 haud
1193 1556 1368 1611 amplius
1397 1556 1525 1596 millia
1552 1556 1741 1610 peditum

360 1622 403 1654 et
433 1614 641 1668 equitatus
669 1613 816 1661 omnis,
839 1613 907 1652 vix
936 1613 1040 1652 inito
1068 1612 1238 1667 proelio,
1262 1627 1356 1652 eum
1380 1612 1562 1667 Magone
1586 1613 1743 1667 effuge-

361 1679 470 1710 runt.
534 1669 701 1717 Hanno,
725 1669 828 1708 alter
858 1669 1093 1723 imperator,
1117 1684 1210 1708 cum
1243 1669 1304 1717 iis,
1328 1669 1399 1723 qui
1427 1669 1637 1723 postremi,
1660 1669 1742 1708 iam

361 1726 577 1781 profligato
613 1724 783 1779 proelio,
820 1724 1086 1772 advenerant,
1123 1725 1239 1764 vivus
1279 1725 1450 1779 capitur.
1513 1725 1742 1779 Magonem

360 1782 589 1836 fugientem
612 1781 819 1835 equitatus
840 1780 968 1820 ferme
991 1781 1136 1827 omnis,
1155 1788 1196 1820 et
1213 1781 1327 1834 quod
1343 1790 1529 1821 veterum
1551 1781 1741 1835 peditum

361 1847 462 1886 erat,
485 1838 628 1885 secuti,
650 1837 813 1876 decimo
835 1836 902 1876 die
930 1837 973 1875 in
998 1836 1251 1876 Gaditanam
1277 1837 1530 1891 provinciam
1557 1837 1610 1876 ad
1633 1836 1742 1876 Has-

361 1894 575 1935 drubalem
599 1900 889 1948 pervenerunt.
941 1892 1154 1940 Celtiberi,
1172 1907 1303 1932 novus
1325 1892 1454 1941 miles,
1473 1893 1516 1932 in
1533 1893 1742 1947 proximas

361 1950 509 2005 dilapsi
530 1950 661 1997 silvas,
685 1949 782 1988 inde
805 1949 948 1988 domos
969 1948 1236 2002 diffugerunt.

419 2006 737 2060 Peropportuna
754 2005 925 2044 victoria
945 2019 1209 2058 nequaquam
1232 2012 1395 2044 tantum
1416 2005 1498 2044 iam
1515 2005 1741 2045 conflatum

360 2062 529 2110 bellum,
552 2070 708 2116 quanta
727 2061 856 2100 futuri
878 2061 1050 2101 materia
1068 2060 1166 2100 belli
1188 2061 1241 2115 (si
1266 2061 1449 2101 licuisset
1468 2061 1530 2109 iis,
1556 2060 1774 2109 Celtibe-4

361 2134 500 2159 rorum
528 2126 652 2173 gente
684 2117 831 2165 exeita,
864 2125 906 2156 et
935 2117 1035 2157 alios
1067 2117 1118 2156 ad
1151 2132 1264 2157 arma
1296 2117 1514 2157 sollicitare
1547 2117 1742 2172 populos)

362 2189 556 2230 oppressa
590 2182 687 2214 erat.
751 2173 898 2227 Itaque
931 2173 1163 2213 collaudato
1194 2173 1375 2227 benigne
1410 2173 1562 2221 Silano,
1603 2173 1742 2228 Scipio

361 2246 477 2285 spem
495 2229 744 2277 debellandi,
762 2229 795 2268 si
817 2228 921 2268 nihil
943 2244 1033 2269 eam
1055 2229 1142 2283 ipsc
1164 2229 1400 2269 cunctando
1422 2237 1603 2269 moratus
1620 2238 1740 2278 esset,

362 2295 520 2335 nactus,
550 2286 602 2326 ad
630 2286 685 2333 id,
715 2285 829 2340 quod
856 2284 1063 2339 reliquum
1094 2284 1191 2325 belli
1222 2294 1320 2334 erat,
1348 2285 1391 2325 in
1422 2285 1610 2326 ultimam
1642 2285 1742 2326 His-

362 2343 528 2398 paniam
574 2342 766 2382 adversus
810 2340 1117 2381 Hasdrubalem
1161 2341 1308 2396 pergit.
1388 2341 1568 2391 Poenus,
1611 2356 1772 2397 quum5

361 2409 493 2440 eastra
514 2406 603 2439 tum
624 2398 727 2438 forte
749 2397 801 2437 ad
823 2397 1028 2437 sociorum
1045 2398 1203 2437 animos
1220 2398 1263 2437 in
1281 2397 1451 2438 Baetica
1467 2398 1741 2439 continendos

363 2455 406 2495 in
433 2455 516 2495 fide
545 2455 727 2502 haberet,
748 2453 875 2508 signis
901 2461 1071 2508 repente
1101 2453 1282 2502 sublatis,
1304 2454 1425 2508 fugae
1453 2455 1594 2509 magis,
1616 2469 1741 2509 quam

363 2606 459 2645 sigius
492 2606 686 2642 emendavit,
715 2615 820 2643 neque
850 2604 1031 2637 infeliciter,
1076 2605 1186 2642 procul
1214 2604 1311 2633 dubio
1337 2605 1458 2634 bellum
1489 2604 1618 2634 maioris
1647 2605 1741 2635 molis

365 2648 484 2686 quippe
511 2648 576 2677 sive
602 2649 701 2677 obsita
727 2657 799 2676 eum
825 2646 1029 2675 Drakenbor-
1075 2646 1253 2682 exarsisset,
1269 2646 1292 2674 si
1310 2646 1451 2676 licuisset
1467 2646 1511 2676 eis
1527 2669 1533 2676 .
1552 2669 1559 2676 .
1577 2669 1584 2676 .

365 2689 448 2724 chio,
469 2699 523 2717 seu
544 2690 632 2718 obsiti
655 2698 727 2718 cum
749 2687 910 2718 Crevit-rio
933 2687 1030 2725 legas,
1117 2695 1133 2725 5
1158 2688 1299 2721 Poenus,
1315 2698 1412 2726 quum
1428 2711 1435 2718 .
1452 2711 1459 2718 .
1477 2711 1483 2717 .
1493 2689 1599 2726 forte]
1626 2688 1738 2722 Quum

365 2733 456 2758 vetus
465 2730 620 2767 scriptura
631 2731 790 2765 tenebant,
802 2739 843 2759 se.
857 2729 1030 2767 regionem,
1074 2728 1154 2757 forte
1169 2728 1352 2758 Hasdrubal
1370 2733 1471 2758 castra
1487 2729 1518 2757 in
1537 2729 1670 2758 Baetica
1684 2729 1738 2758 ha-

366 2770 437 2799 loco
453 2780 565 2807 parum
581 2774 657 2808 apte
673 2771 831 2800 convenit.
1074 2770 1161 2799 beret
1177 2770 1218 2799 ad
1234 2770 1442 2800 continendos
1456 2771 1488 2800 in
1504 2771 1567 2800 fide
1582 2770 1737 2800 sociorum

408 2822 427 2848 4
450 2812 595 2840 Materia
610 2813 698 2847 belli]
725 2822 767 2841 sc.
781 2810 930 2847 Materia,
945 2812 1031 2841 unde
1074 2811 1206 2840 animos.
1231 2812 1335 2841 szv.
