1877 3178
374 102 458 138 420
891 94 1037 136 ΤΙΤΙ
1075 94 1252 135 LIVII

436 186 532 227 Hoc
564 186 743 227 maxime
775 184 913 234 modo,
946 185 1076 225 ductu
1108 193 1231 239 atque
1265 184 1449 240 auspicio
1470 184 1518 226 P.
1541 185 1758 241 Scipionis,

172 239 210 309 {³3-
226 235 366 308 1939?-
379 244 487 300 pulsi
511 243 717 299 Hispania
740 242 1107 297 Carthaginienses
1135 249 1254 282 sunt:
1289 241 1412 282 tertio
1443 241 1607 282 decimo
1637 257 1759 291 anno,
1776 255 1792 286 5

172 290 267 361 1332?ss
288 289 367 350 Ρῗρ-
380 310 474 357 post
493 301 648 342 bellum
670 300 845 348 initnm3
879 299 1040 354 quinto,
1064 313 1190 353 quam
1211 298 1258 338 P.
1282 298 1420 353 Scipio
1445 299 1700 353 provinciam
1721 309 1763 339 et

173 364 216 394 ni.
382 358 610 399 exercitum
637 357 807 412 accepit.
871 355 1000 396 Haud
1028 355 1159 396 multo
1187 363 1281 410 post
1311 354 1487 404 Silanus,
1510 355 1763 396 debellatum

241 416 304 458 17.
382 415 577 464 referens,
601 415 879 455 Tarraconem
902 413 954 453 ad
979 412 1217 468 Scipionem
1239 412 1373 452 rediit.
1436 412 1484 452 L.
1508 411 1647 467 Scipio
1668 426 1763 452 cum

174 473 282 521 Scipio
298 473 362 503 iam
384 472 525 513 multis
555 471 762 512 nobilibus
793 470 965 525 captivis
995 469 1168 509 nuntius
1198 477 1387 524 receptae
1418 468 1647 524 Hispaniae
1677 468 1765 508 Ro-

174 516 316 545 Afncam
334 519 366 545 et
385 544 494 570 mam
516 537 577 569 est
599 528 756 568 missus.
817 527 873 567 Et
895 541 1024 582 quum
1047 526 1173 567 ceteri
1194 525 1351 566 laetitia
1369 525 1582 581 gloriaque
1605 525 1766 580 ingenti

172 196 215 226 U.
232 195 270 226 C.
294 193 365 233 546.

196 559 202 570 ¹
279 557 341 587 (ιῖ’-

175 558 335 638 ξέἓᾯῗξ-
385 601 477 627 eam
498 601 586 626 rem
606 585 730 640 vulgo
751 585 918 633 ferrent,
941 598 1061 631 unus,
1085 583 1158 638 qui
1185 591 1378 637 gesserat,
1401 582 1665 637 inexplebilis
1685 582 1766 621 vir-

175 645 250 673 ctat.
385 643 485 684 tutis
505 657 710 697 veraeque
746 641 892 690 laudis,
925 655 1097 695 parvum
1130 640 1258 680 instar
1289 654 1445 688 eorum,
1478 654 1584 694 quae
1618 653 1688 694 spe
1720 647 1799 679 ac6

386 699 674 755 magnitudine
708 698 834 738 animi
868 697 1136 752 concepIsset,
1166 704 1352 751 receptas
1381 696 1608 751 Hispanias
1640 695 1769 735 duce-

384 757 466 797 bat.
529 756 618 796 Iam
641 755 826 795 Africam
858 769 1133 809 magnamque
1160 752 1472 807 Carthaginem,
1503 762 1545 793 et
1575 753 1619 792 in
1647 766 1768 792 suum

386 813 513 854 decus
547 827 786 866 nomenque
823 811 938 851 velut
973 818 1301 851 consummatam
1337 810 1426 850 eius
1461 809 1559 850 belli
1595 808 1767 864 gloriam

179 879 362 918 Syphacem
386 871 608 925 spectabat.
670 868 832 923 Itaque,
855 867 1184 923 praemoliendas
1215 867 1293 907 sibi
1323 875 1435 906 ratus
1466 867 1547 906 iam
1578 881 1642 906 res
1670 880 1770 905 con-

178 921 236 951 sibi
253 932 324 951 con-

179 963 286 992 ciliare
303 967 363 994 sta—

177 1005 250 1035 tuit.

387 926 670 980 ciliandosque
706 939 851 979 regum
887 924 1159 979 gentiumque
1201 923 1372 971 animos,
1414 922 1648 979 Syphacem
1685 922 1769 977 pri-

388 997 500 1023 mum
538 997 679 1037 regem
715 981 859 1021 statuit
894 988 1064 1020 tentare.
1128 979 1456 1035 Masaesylorum
1491 980 1525 1019 is
1561 994 1634 1019 rex
1669 987 1767 1019 erat.

389 1039 626 1094 Masaesyli,
662 1052 764 1092 gens
804 1036 936 1076 affinis
978 1035 1150 1083 Mauris,
1188 1036 1232 1075 in
1272 1036 1484 1091 regionem
1526 1035 1769 1090 Hispaniae,

388 1095 568 1136 maxime
603 1109 686 1149 qua
721 1094 798 1134 sita
835 1092 957 1133 Nova
992 1091 1204 1147 Carthago
1236 1100 1311 1140 est,
1344 1101 1542 1147 spectant.
1605 1092 1771 1132 Foedus

389 1168 437 1193 ea
458 1159 701 1207 tempestate
731 1150 819 1205 regi
847 1164 941 1189 cum
967 1148 1381 1203 Carthaginiensibus
1403 1157 1502 1198 erat,
1525 1148 1639 1204 quod
1658 1148 1773 1188 haud

388 1209 552 1265 gravius
573 1208 611 1248 ei
632 1207 912 1261 sanctiusque,
935 1220 1060 1261 quani
1082 1205 1206 1260 vulgo
1230 1205 1424 1254 barbaris,
1447 1205 1598 1260 quibus
1619 1219 1672 1245 ex
1692 1204 1773 1245 for-

390 1275 493 1306 tuna
522 1265 678 1320 pendet
700 1264 815 1313 fides,
837 1271 949 1303 ratus
969 1263 1070 1311 fore,
1093 1271 1296 1303 oratorem
1318 1262 1371 1302 ad
1393 1277 1489 1302 eum
1514 1262 1563 1302 C.
1580 1261 1773 1302 Laelium

390 1338 486 1363 cum
507 1322 628 1362 donis
649 1321 788 1362 mittit.
854 1319 1019 1367 Quibus
1040 1320 1236 1360 barbarus
1257 1319 1401 1368 laetus,
1420 1328 1461 1359 et
1482 1319 1581 1374 quia
1599 1333 1663 1358 res
1684 1326 1772 1358 tum

389 1394 609 1434 prosperae
623 1378 778 1432 ubique
795 1377 1009 1426 Romanis,
1024 1376 1178 1416 Poenis
1194 1376 1237 1415 in
1254 1375 1375 1416 Italia
1391 1375 1598 1425 adversae,
1614 1375 1657 1415 in
1673 1374 1774 1415 His-

391 1436 514 1490 pania
539 1435 675 1476 nullae
704 1435 785 1474 iam
812 1443 942 1482 erant,
966 1433 1189 1474 amicitiam
1211 1448 1252 1473 se
1276 1432 1563 1473 Romanorum
1585 1432 1772 1487 accipere

392 1493 555 1532 annuit:
580 1491 807 1532 firmandae
822 1491 910 1531 eius
924 1490 1049 1530 fidem
1066 1505 1142 1530 nec
1157 1489 1267 1538 dare,
1278 1505 1355 1530 nec
1370 1489 1569 1544 accipere,
1584 1489 1663 1528 nisi
1678 1503 1774 1529 cum

391 1549 481 1603 ipso
502 1564 639 1588 coram
661 1549 767 1588 duce
788 1548 990 1588 Romano.
1054 1547 1118 1587 Ita
1140 1546 1321 1594 Laelius,
1344 1546 1387 1585 in
1408 1546 1452 1586 id
1473 1545 1598 1586 modo
1619 1545 1701 1585 fide
1723 1545 1774 1585 ab

392 1620 488 1659 rege
521 1613 702 1659 accepta,
729 1613 866 1644 tutum
897 1604 1122 1644 adventum
1153 1603 1253 1651 fore,
1283 1603 1336 1642 ad
1367 1602 1607 1658 Scipionem
1636 1601 1772 1642 rediit.

394 1660 601 1716 Magnum
630 1661 671 1700 in
701 1661 840 1700 omnia
867 1669 1127 1700 momentum
1152 1659 1323 1715 Syphax
1345 1659 1554 1699 affectanti
1575 1673 1639 1699 res
1661 1658 1775 1698 Afri-

393 1733 465 1758 cae
487 1726 585 1765 erat‚
609 1716 944 1772 opulentissimus
966 1717 1054 1756 eius
1076 1724 1207 1756 terrae
1236 1731 1323 1764 rex,
1345 1715 1455 1756 bello
1476 1716 1557 1755 iam
1579 1723 1775 1769 expertus

394 1775 503 1830 ipsos
527 1773 905 1828 Carthaginienses,
928 1773 1081 1812 finibus
1111 1772 1236 1811 etiam
1267 1772 1384 1826 regni
1416 1780 1510 1826 apte
1540 1771 1593 1811 ad
1622 1770 1775 1825 Hispa-

394 1831 519 1879 niam,
543 1830 655 1885 quod
676 1830 782 1869 freto
808 1829 960 1883 exiguo
988 1828 1251 1876 dirimuntur,
1274 1828 1428 1882 positis.
1491 1827 1676 1881 Dignam
1698 1827 1775 1867 ita-

396 1903 477 1943 que
509 1902 596 1927 rem
631 1886 769 1941 Scipio
807 1896 931 1933 ratus,
964 1900 1083 1940 quae,
1116 1884 1314 1939 quoniam
1350 1899 1435 1923 non
1473 1883 1592 1924 aliter
1623 1891 1774 1938 posset,

396 1959 548 1999 magno
569 1943 754 1998 periculo
776 1950 999 1997 peteretur,
1023 1941 1071 1981 L.
1092 1941 1254 1981 Marcio
1277 1940 1526 1989 Tarracone,
1550 1939 1611 1980 M.
1634 1939 1775 1980 Silano

399 2000 654 2055 Carthagine
690 1998 824 2047 Nova,
861 2014 945 2053 quo
986 1998 1162 2052 pedibus
1197 1998 1247 2037 ab
1284 1997 1518 2037 Tarracone
1559 1996 1776 2037 itineribus

395 2057 555 2112 magnis
586 2057 703 2104 ierat,
731 2055 783 2095 ad
813 2054 1065 2110 praesidium
1099 2053 1327 2108 Hispaniae
1364 2053 1530 2101 relictis,
1562 2053 1649 2108 ipse
1680 2067 1776 2093 cum

399 2113 448 2155 C.
473 2113 618 2154 Laelio
639 2112 800 2153 duabus
821 2110 1194 2167 quinqueremibus
1215 2111 1265 2150 ab
1290 2109 1545 2164 Carthagine
1566 2109 1776 2165 profectus

188 1838 228 1868 In
240 1837 381 1868 Africam

186 1880 312 1911 traiicit.

441 2282 458 2313 5
485 2274 588 2303 Tertio
607 2272 722 2302 (lectum
745 2280 842 2306 (anzo,
855 2274 925 2308 post
949 2269 1063 2299 bellum

396 2317 529 2352 initum]
556 2315 608 2345 Sic
624 2317 709 2343 recte
722 2313 902 2342 Glareanus
918 2321 956 2340 ex
971 2310 1064 2340 Livio

398 2358 478 2397 ipso,
501 2367 585 2395 supr.
614 2365 659 2386 10.
706 2355 793 2384 Olim
823 2354 1063 2393 quartodecimo.

399 2401 550 2430 Ceterum
567 2397 621 2427 hic
640 2406 742 2427 annus
758 2400 877 2432 semus,
893 2405 955 2424 non
971 2396 1063 2434 quin-

399 2447 449 2471 tus
472 2440 630 2470 numerari
653 2440 794 2474 deberet,
810 2448 848 2467 ex
870 2447 934 2475 quo
956 2436 1064 2474 Scipio

400 2482 593 2522 provinciam
606 2485 637 2511 et
647 2480 823 2511 exercitum
833 2478 967 2517 accepit.
994 2478 1065 2508 Nisi

399 2525 544 2555 dicamus
569 2524 640 2553 ideo
668 2522 813 2561 quintum
841 2531 961 2551 annum
988 2530 1064 2549 non-

400 2567 476 2596 dum
498 2566 663 2604 expletum
686 2574 763 2601 esse,
780 2564 864 2601 quod
881 2562 988 2601 Scipio
1007 2563 1065 2591 sub

401 2608 496 2637 finem
510 2607 638 2637 aestatis
650 2606 753 2645 primo
766 2605 797 2634 in
810 2604 1003 2643 Hispaniam
1015 2614 1064 2633 ve-

401 2650 494 2686 nerit3
506 2649 595 2678 initio
604 2648 733 2678 aestatis
742 2647 801 2676 hoe
812 2656 895 2676 anno
906 2645 1066 2684 pepulerit

403 2691 563 2728 Hispania
576 2691 707 2720 Poenos.
743 2689 840 2718 Porro
858 2698 914 2726 pro
931 2697 967 2716 eo
981 2688 1065 2725 quod

403 2732 488 2768 prius
511 2733 674 2770 legebatur
693 2733 803 2770 quinto
821 2735 998 2769 postquam,
1014 2730 1065 2758 de-

404 2773 507 2801 dimus
527 2775 637 2811 qw'nlo
658 2784 763 2811 quam,
779 2772 906 2801 subnixi
931 2770 1066 2800 auctori-

403 2813 521 2843 tatibus
531 2814 721 2850 optimorum
735 2813 892 2849 codicum,
901 2812 974 2842 Put.
983 2813 1065 2842 Can-

1107 2267 1217 2306 tabrig.
1234 2267 1434 2306 aliorumque
1450 2280 1457 2304 ;
1480 2271 1512 2297 et
1528 2270 1692 2306 praeterea
1706 2267 1777 2298 aliis

1109 2309 1327 2339 consimilibus
1342 2310 1429 2348 apud
1445 2313 1587 2339 nostrum
1602 2309 1773 2348 exemplis:

1108 2356 1143 2381 nt
1180 2351 1289 2382 xxviii.
1328 2360 1377 2390 45.
1436 2353 1499 2382 Die
1536 2353 1776 2391 quadragesimo

1107 2395 1229 2433 quinto,
1249 2405 1345 2433 quam
1367 2404 1407 2424 em
1429 2395 1525 2432 sylvis
1547 2394 1689 2424 detracta
1711 2404 1775 2423 ma-

1107 2437 1188 2466 teria
1212 2440 1302 2466 erat:
1330 2439 1362 2465 et
1384 2435 1427 2466 iii.
1446 2444 1495 2474 33.
1539 2436 1635 2465 Anno
1657 2439 1775 2465 trecen-

1109 2480 1216 2508 tesimo
1250 2479 1361 2513 altero,
1391 2488 1486 2517 quam
1519 2477 1645 2507 condita
1675 2477 1776 2506 Roma

1108 2525 1198 2549 erat:
1222 2523 1254 2549 et
1270 2519 1347 2548 alibi
1363 2519 1497 2557 saepius.
1522 2519 1627 2549 CREV.
1672 2519 1775 2554 Quar-

1108 2563 1255 2592 todecimo
1270 2561 1411 2599 reposuit
1428 2561 1566 2590 Bekker.

1151 2602 1170 2633 6
1192 2605 1339 2633 Parvum
1368 2604 1488 2640 instar]
1530 2603 1667 2632 Parvam
1697 2601 1774 2630 ima-

1107 2644 1224 2683 ginem.
1270 2644 1321 2674 Ex
1342 2644 1478 2683 receptis
1497 2654 1534 2674 ac
1554 2643 1683 2673 domitis
1699 2642 1774 2672 His-

1110 2687 1213 2725 paniis
1226 2685 1277 2716 vix
1295 2696 1426 2724 parvam
1442 2685 1582 2724 speeiem
1596 2684 1667 2724 capi
1682 2693 1773 2723 posse

1111 2729 1245 2766 putabat
1282 2738 1391 2757 eorum
1426 2738 1507 2766 quae
1540 2727 1647 2757 animo
1680 2725 1772 2755 desti-

1110 2773 1223 2800 nasset.
1247 2770 1351 2800 Cnssv.
