1871 3178
563 105 685 149 LIB.
721 110 912 155 XXVII.
956 119 1099 162 (JAP.
1139 128 1198 165 ll.
1489 140 1569 178 353

194 180 255 223 M.
282 183 478 230 Sextilius
502 191 766 249 Fregellanus
787 206 1022 258 respondit:
1059 215 1071 232 ‘
1086 220 1127 251 et
1149 215 1297 257 milites
1319 234 1368 259 ex
1393 223 1567 268 formula
1584 241 1623 272 U.
1642 245 1677 274 (a
1701 256 1772 284 54³-

192 244 380 294 ‘paratos
415 262 527 290 esse:
566 248 619 299 et,
652 255 683 294 si
717 257 900 311 pluribus
931 278 1033 318 opus
1063 280 1180 318 esset,
1205 273 1340 327 plures
1369 278 1615 325 ‹latur‹›s:A-
1641 288 1676 332 ζ’·
1701 298 1770 329 ²09·

190 300 270 346 ‘et,
293 302 493 357 quicquid
519 307 630 350 aliud
656 311 876 368 imperaret
897 320 1104 378 velletque
1132 330 1308 383 populus
1334 333 1557 387 Romanus,
1573 326 1735 400 ilsff‘ffflffffl

188 355 336 397 ‘enixo
365 360 553 404 facturos.
618 368 686 408 Ad
721 371 762 411 id
789 373 864 413 sibi
898 390 1034 432 neque
1063 396 1160 437 opes
1188 386 1342 438 deesse,
1373 394 1555 437 animum
1571 419 1653 441 sunt.

183 412 336 454 ‘ctiam
369 424 607 473 superesse.'
668 426 883 479 Consules,
916 434 990 474 sibi
1021 452 1165 492 parum
1197 444 1340 495 videri,
1370 454 1553 504 praefati,

180 481 254 522 pro
276 473 422 514 merito
438 491 594 528 eorum,
613 496 685 523 sua
706 500 804 526 voce
826 488 1046 533 collaudari
1070 512 1151 546 eos,
1171 500 1246 541 nisi
1272 505 1450 548 universi
1475 510 1553 551 Pa-

179 533 261 566 tres
283 527 330 567 iis
352 530 393 570 in
415 534 528 575 curia
547 539 697 590 gratias
717 542 909 597 egissent,
927 551 1043 605 sequi
1066 553 1108 593 in
1126 568 1312 601 senatum
1332 562 1547 609 iusserunt.

179 580 368 635 Senatus,
391 604 513 643 quam
538 604 696 647 poterat
716 598 1031 647 honoratissimo
1052 610 1221 654 decreto
1242 617 1444 663 allocutus
1466 640 1547 674 eos,

174 642 344 683 mandat
365 649 614 700 consulibus,
635 663 678 694 ut
699 656 749 696 ad
767 660 966 713 populum
985 680 1153 723 quoque
1170 687 1239 712 eos
1256 677 1544 731 producerent,

172 704 213 736 et
240 697 348 740 inter
372 704 500 745 multa
521 707 599 749 alia
626 713 845 765 praeclara,
868 734 973 773 quae
1002 723 1100 778 ipsis
1128 730 1434 790 maioribusque
1462 741 1544 780 suis

170 757 478 810 praestitissent,
518 779 660 806 reeens
694 771 819 812 etiam
861 778 1051 821 meritum
1090 797 1231 827 eorum
1269 789 1310 830 in
1348 798 1542 851 rempub-

136 807 286 853 6licam
309 830 689 866 commemorarent.
753 828 821 870 Nc
843 846 954 875 nune
975 838 1144 891 quidem
1174 855 1265 898 post
1292 857 1352 889 tot
1379 855 1539 896 saecula

164 867 373 921 sileantur,
396 874 688 924 fraudenturve
705 883 826 927 laude
848 904 931 931 sua.
978 893 1138 949 Signini
1162 902 1288 953 fuere,
1311 916 1352 946 et
1376 908 1539 953 Norba-

162 924 219 973 ni,
245 926 566 989 Saticulanique,
590 949 632 979 et
655 939 910 996 Brundisini,
934 958 975 990 et
997 951 1241 1009 Fregellani,
1261 971 1301 1002 et
1324 964 1534 1018 Lucerini,

131 990 202 1024 'let
220 982 436 1038 Venusini,
459 1002 500 1032 et
519 992 735 1048 Hadriani,
759 1010 800 1041 et
822 1002 1015 1057 Firmani,
1038 1020 1079 1051 et
1095 1013 1403 1063 Ariminenses:
1427 1034 1467 1065 et
1484 1028 1534 1068 ab

157 1038 287 1081 altero
316 1046 428 1095 mari,
453 1047 661 1103 Pontiani,
684 1064 726 1096 et
754 1057 959 1112 Paestani,
987 1075 1027 1106 et
1052 1067 1231 1113 Cosani:
1265 1086 1306 1117 et
1338 1081 1533 1123 mediter—

155 1098 282 1147 ranei,
317 1100 616 1157 Beneventani,
644 1121 686 1152 ct
709 1113 945 1168 Aesernini,
972 1131 1013 1162 et
1045 1124 1260 1181 Spoletini,
1287 1144 1328 1175 et
1356 1136 1530 1180 Placen-

155 1152 244 1203 tini,
279 1165 321 1197 et
356 1159 671 1208 Cremonenses.
734 1170 894 1215 Harum
933 1179 1185 1226 coloniarum
1221 1191 1404 1234 subsidio
1442 1206 1527 1238 tum

152 1208 371 1266 imperium
404 1220 545 1274 populi
581 1223 761 1267 Romani
793 1233 931 1274 stetit:
971 1236 1102 1293 iisque
1132 1246 1287 1297 gratiae
1319 1258 1359 1290 et
1391 1252 1433 1292 in
1464 1270 1527 1295 se-

151 1276 264 1318 natu,
283 1280 325 1311 et
345 1273 397 1314 ad
419 1278 618 1332 populum
640 1293 765 1325 actae.
815 1287 1049 1335 Duodecim
1068 1297 1238 1342 aliarum
1257 1305 1523 1359 coloniarum,

149 1338 256 1379 quae
278 1328 613 1378 detrectaverunt
639 1339 870 1396 imperium,
895 1352 1149 1397 mentionem
1176 1358 1265 1400 fieri
1287 1362 1433 1405 Patres
1455 1384 1522 1409 ve-

148 1388 329 1435 tuerunt,
348 1402 484 1444 neque
507 1392 598 1435 illos
619 1396 785 1449 dimitti,
804 1417 941 1459 neque
964 1409 1144 1461 retineri,
1163 1429 1300 1472 neque
1322 1424 1519 1477 appellari

145 1452 169 1478 a
199 1443 447 1487 consulibus.
512 1449 573 1492 Ea
609 1455 732 1496 tacita
767 1460 980 1516 castigatio
1016 1470 1195 1512 maxime
1233 1489 1284 1515 ex
1317 1477 1519 1534 dignitate

142 1498 287 1552 populi
310 1500 490 1545 Romani
512 1508 597 1549 visa
617 1520 688 1552 est.

202 1554 355 1598 Cetera
378 1563 708 1618 expedientibuS,
732 1586 838 1626 quae
869 1575 921 1616 ad
952 1578 1105 1623 bellum
1135 1600 1238 1641 opus
1266 1603 1395 1641 erant,
1418 1610 1517 1637 eon·
1530 1609 1650 1641 Aurum
1672 1614 1711 1643 vi-

109 1599 308 1663 8sulibus,
331 1631 476 1659 aurum
498 1621 812 1678 vicesimanum,
836 1634 950 1686 quod
978 1636 1021 1676 in
1050 1644 1252 1686 sanctiore
1281 1652 1437 1693 aerario
1462 1656 1513 1696 ad
1529 1653 1655 1699 cesima>

139 1667 304 1711 ultimos
342 1688 459 1716 casus
498 1682 747 1735 servabatur,
788 1690 921 1742 promi
971 1694 1136 1748 placuit.
1213 1702 1412 1763 Prompta
1460 1713 1512 1753 ad
1528 1704 1618 1725 rium.

135 1734 331 1779 quattuor
365 1732 494 1774 millia
525 1739 665 1791 pondo
698 1743 798 1784 auri.
860 1746 966 1790 Inde
999 1754 1211 1810 quingena
1242 1765 1382 1816 pondo
1415 1767 1511 1810 data

132 1784 382 1837 consulibus,
411 1799 452 1830 et
483 1791 544 1834 M.
570 1794 784 1849 Marcello,
817 1811 858 1843 et
889 1804 935 1847 P.
966 1807 1151 1866 Sulpicio
1181 1823 1507 1875 proconsulibus,

131 1846 174 1879 et
210 1840 259 1882 L.
286 1842 460 1888 Veturio
496 1855 687 1905 praetori,
722 1859 794 1912 qui
835 1860 1014 1906 Galliam
1050 1872 1304 1923 provinciam
1340 1883 1506 1924 sortitus

129 1906 243 1947 erat3
294 1901 567 1962 additumque
618 1910 746 1955 Fabio
799 1921 958 1960 consuli
1009 1936 1176 1969 centum
1226 1936 1367 1987 pondo
1416 1943 1502 1981 auri

128 1956 410 2012 praecipuum,
433 1965 546 2017 quod
577 1966 620 2007 in
648 1984 783 2012 arcem
811 1974 1080 2023 Tarentinam
1112 1997 1354 2039 portaretur.
1421 1996 1504 2038 Ce-

99 2029 112 2050 1
128 2017 215 2051 tero
237 2015 300 2054 usi
325 2026 419 2058 sunt
446 2020 498 2060 ad
519 2024 765 2069 vestimenta
790 2036 997 2085 praesenti
1025 2043 1203 2093 pecunia
1228 2045 1402 2091 locanda
1428 2068 1502 2094 ex-

125 2068 285 2119 ercitui,
307 2073 379 2127 qui
401 2074 444 2115 in
467 2076 673 2134 Hispania
696 2084 850 2127 bellum
876 2094 1058 2135 secunda
1077 2111 1151 2138 sua
1170 2100 1278 2143 fama
1298 2105 1498 2165 ducisque

121 2126 302 2179 gerebat.

179 2181 376 2241 Prodigia
396 2204 577 2246 quoque,
600 2196 838 2254 priusquam
861 2204 911 2245 ab
933 2207 1033 2249 urbe
1055 2214 1242 2256 consules
1262 2221 1496 2273 proficisee-
1578 2227 1638 2266 ll-

120 2247 276 2290 rentur,
297 2250 507 2297 procurari
529 2250 694 2305 placuit.
758 2256 808 2298 In
826 2259 992 2305 Albano
1014 2278 1154 2310 monte
1179 2281 1285 2316 tacta
1305 2277 1358 2318 de
1380 2282 1495 2322 coelo
1510 2278 1663 2322 pmffl'gffl*

158 2408 179 2439 6
193 2411 272 2441 Post
288 2416 331 2443 tot
345 2418 490 2455 saecula]
515 2419 632 2451 Paullo
645 2424 716 2462 plus
726 2427 782 2457 du-
873 2432 892 2461 8
921 2435 1048 2467 Aurum
1079 2441 1326 2483 vicesimarium]
1367 2450 1488 2482 Aurum

115 2452 200 2481 centi
216 2454 290 2483 anni
304 2456 491 2489 effluxerant
506 2462 546 2490 ab
563 2463 623 2494 hoc
639 2470 782 2506 tempore
826 2481 1008 2513 congestum
1023 2482 1191 2517 paullatim
1205 2495 1243 2515 ex
1258 2488 1403 2521 vicesima
1420 2503 1487 2531 par-

113 2493 155 2522 ad
177 2493 270 2531 illud,
289 2507 352 2535 quo
374 2499 483 2530 Livius
503 2513 593 2535 suam
617 2507 779 2541 historiam
825 2518 856 2543 te
880 2519 972 2554 pretii
999 2530 1119 2560 eorum,
1143 2526 1196 2563 qui
1219 2532 1487 2566 manumitteban-

112 2535 278 2568 scribebat.
323 2541 374 2570 An
393 2546 423 2571 et
444 2543 496 2573 hie
519 2545 620 2583 ’γένεαι
644 2549 778 2591 intelligi
823 2559 892 2593 tui-3
915 2569 997 2597 quae
1013 2564 1140 2601 quidem
1160 2569 1239 2599 solvi
1255 2578 1369 2611 coepta
1383 2576 1486 2608 fuerat

112 2577 255 2609 debent?
287 2580 361 2612 Vid.
378 2594 462 2622 supr.
480 2586 520 2617 ix.
542 2589 587 2619 18.
612 2591 716 2624 CREV.
821 2607 905 2629 anno
924 2601 965 2631 U.
983 2604 1020 2634 C.
1039 2607 1108 2645 398.
1153 2609 1227 2641 Vid.
1251 2622 1335 2652 supr.
1360 2617 1411 2648 vii.
1437 2621 1483 2651 16.

160 2627 177 2658 7
204 2622 438 2663 Ariminenses]
492 2629 581 2660 Hine
611 2632 777 2673 Savignius
820 2640 996 2675 Oti-:mets

110 2661 218 2692 locum
245 2666 332 2703 apud
364 2667 507 2701 Ciceron.
541 2673 628 2704 Orat.
652 2685 709 2714 pro
735 2679 774 2709 A.
861 2692 880 2722 9
902 2686 944 2714 In
958 2690 1115 2722 sanctiore
1129 2696 1272 2734 aerario]
1299 2709 1341 2731 sc.
1357 2701 1480 2735 Recon-

108 2703 250 2735 Caecina
275 2717 301 2737 c.
323 2717 372 2747 35.
397 2711 533 2749 refinxit,
556 2716 772 2757 ditodeviyinli
817 2723 939 2763 ditiore,
950 2730 1045 2768 unde,
1056 2733 1114 2763 nisi
1127 2735 1159 2765 in
1173 2738 1362 2775 gravissimis
1374 2745 1479 2776 discri-

108 2754 165 2783 pro
180 2748 337 2780 duodecim
360 2752 491 2784 coloniis
512 2756 681 2795 legendum
703 2772 770 2792 sua·
816 2766 966 2806 minibus,
983 2782 1045 2803 non
1062 2775 1309 2815 depromeretur.

107 2787 194 2819 dens.
225 2790 263 2821 cf.
281 2792 430 2824 Museum
455 2797 611 2838 Pliilolog.
633 2802 768 2835 Cantab.
860 2818 870 2838 1
897 2812 952 2841 Ad
972 2817 1172 2857 vestimenta]
1208 2822 1302 2858 Quae
1325 2830 1477 2861 exercitui

106 2828 137 2860 ii.
153 2840 184 2869 p.
206 2832 272 2871 156.
814 2853 994 2890 praebenda
1009 2860 1222 2894 conducerent
1237 2868 1464 2913 redemptores.

162 2885 256 2914 voL.
280 2889 324 2916 11.
1175 2919 1205 2945 A
1226 2922 1248 2947 a
