1877 3178
152 189 241 220 ΠΟ
245 195 346 228 ··547

150 232 190 263 A.
214 232 254 263 C.
276 239 348 270 ²05·

232 700 269 737 3.

157 754 292 784 Dedunt
307 764 340 784 se

156 796 305 836 Hispani.

357 96 440 135 462
873 94 1021 135 TITI
1056 94 1234 135 LIVII

361 183 544 232 affixum,
581 182 836 238 pugnabant,
874 183 1011 223 obruti
1052 182 1144 223 telis
1183 183 1481 247 occubuerunt,
1515 193 1604 225 tum
1643 185 1743 240 fuga

357 240 508 296 passim
541 248 700 295 coepta,
731 240 955 295 pluresque
986 239 1107 289 caesi,
1139 240 1239 295 quia
1267 255 1396 295 equos
1429 242 1741 283 conscendendi

361 297 570 352 equitibus
595 297 774 352 spatium
802 312 887 337 non
915 297 1062 345 fuerat,
1085 305 1126 337 et
1151 297 1250 351 quia
1278 296 1476 352 perculsis
1503 299 1651 338 acriter
1678 299 1743 338 in-

362 355 558 395 stiterunt
594 354 801 394 Romani:
836 369 913 394 nec
945 362 1039 394 ante
1071 354 1304 394 abscessum
1337 362 1411 402 est,
1444 369 1570 408 quam
1602 355 1743 396 castris

361 425 529 465 quoque
563 419 771 451 exuerunt
802 410 975 450 hostem.
1039 410 1262 451 Tredecim
1298 410 1427 451 millia
1458 410 1742 466 Hispanorum

361 482 479 507 caesa
509 482 557 507 eo
586 467 666 516 die,
694 467 923 522 octingenti
951 467 1079 507 ferme
1111 467 1231 522 capti.
1296 467 1582 508 Romanorum
1613 468 1738 508 socio·

361 538 538 579 rumque
570 524 709 579 paullo
740 524 916 580 amplius
949 524 1132 572 ducenti,
1166 523 1346 564 maxime
1378 525 1420 564 in
1452 524 1568 565 laevo
1599 539 1742 574 cornu,

362 581 615 621 ceciderunt.
678 581 793 621 Pulsi
815 581 955 622 castris
979 580 1170 636 Hispani,
1194 588 1266 621 aut
1286 581 1357 635 qui
1384 596 1436 621 ex
1462 581 1619 636 proelio
1640 582 1744 621 effu-

362 646 520 692 gerant,
558 637 685 693 sparsi
718 638 852 692 primo
888 653 963 693 per
998 653 1132 693 agros,
1163 637 1316 678 deinde
1357 638 1401 677 in
1441 652 1533 678 suas
1567 638 1743 693 quisque

363 694 550 735 civitates
590 694 814 735 redierunt.
878 695 990 734 Tum
1025 710 1049 734 a
1085 694 1320 734 Mandonio
1361 695 1521 735 evocati
1561 695 1605 734 in
1646 709 1745 735 con-

364 750 520 800 cilium,
546 752 848 806 conquestique
880 752 936 792 ibi
967 751 1105 792 clades
1136 766 1241 799 suas,
1268 751 1479 806 increpitis
1510 751 1745 792 auctoribus

362 807 474 856 belli,
500 807 657 863 legatos
687 808 912 849 mittendos
943 808 995 848 ad
1028 823 1140 849 arma
1172 808 1373 848 tradenda
1403 808 1744 863 deditionemque

362 864 595 904 faciendam
617 873 879 905 censuerunt.
946 865 1122 913 Quibus,
1145 864 1310 919 culpam
1338 865 1382 904 in
1407 873 1619 905 auctorem
1646 863 1746 906 belli

363 920 602 969 Indibilem,
632 929 874 975 ceterosque
905 921 1125 976 principes,
1154 936 1332 975 quorum
1362 921 1550 976 plerique
1582 922 1626 961 in
1657 920 1744 961 acie

362 977 620 1025 cecidissent,
643 977 963 1025 conferentibus,
992 978 1332 1032 tradentibusque
1365 993 1489 1026 arma,
1516 986 1558 1018 et
1588 977 1746 1018 deden-

363 1033 472 1073 tibus
497 1048 598 1080 sese,
621 1047 865 1087 responsum
894 1042 980 1073 cst:
1017 1039 1029 1056 ⁶
1045 1033 1095 1073 In
1124 1034 1383 1074 deditionem
1414 1035 1470 1074 1111
1500 1034 1630 1089 accipi
1662 1049 1744 1083 eos,

363 1089 425 1129 ‘si
461 1088 742 1129 Mandonium
789 1098 1031 1145 ceterosque
1072 1090 1170 1130 belli
1211 1090 1441 1130 concitores
1482 1090 1747 1131 tradidissent

363 1145 530 1186 ‘vivosz
564 1146 627 1185 5111
650 1146 799 1195 minus,
822 1147 1029 1186 exercitus
1057 1161 1098 1186 se
1129 1147 1171 1185 111
1193 1161 1337 1201 agrum
1359 1146 1586 1201 Ilergetum
1611 1148 1747 1187 Ause-

364 1208 682 1257 ‘tanorumque,
717 1211 758 1243 et
794 1203 992 1267 deinceps
1028 1202 1202 1243 aliorum
1217 1180 1488 1257 &populorum
1524 1203 1747 1244 ducturos.'

155 1264 352 1296 Mandonius
366 1258 483 1299 Haec
505 1259 617 1299 dicta
641 1259 798 1322 legatis,
822 1260 1142 1314 renuntiataque
1169 1259 1212 1299 in
1238 1259 1472 1300 concilium.
1535 1259 1599 1300 Ibi
1622 1260 1747 1301 Man-

155 1307 291 1337 traditus
305 1308 346 1338 ad

154 1349 275 1396 suppli-

156 1391 250 1423 cium.

157 1720 287 1752 Laelius

157 1764 258 1793 classe
271 1763 352 1792 Afri-

157 1815 227 1835 cam
244 1815 285 1844 po
288 1816 345 1844 pu-

158 1848 251 1879 latur.

159 2230 274 2259 Terror
281 2231 356 2261 Car—

159 2272 335 2311 thnginien-

158 2323 251 2345 suun.

364 1316 515 1356 donius
545 1316 755 1370 ceterique
786 1316 994 1371 principes
1026 1316 1314 1371 complehensi
1341 1324 1383 1356 et
1408 1316 1549 1356 naditi
1573 1316 1626 1357 ad
1650 1332 1747 1381 sup-

362 1372 547 1436 plicium.
611 1372 839 1427 Hispaniae
860 1373 1025 1428 populis
1050 1373 1213 1413 reddita
1234 1388 1344 1436 pax:
1379 1373 1632 1428 stipendium
1659 1374 1747 1414 eius

364 1444 464 1469 anm
485 1429 642 1484 duplex
664 1438 705 1469 et
725 1430 982 1470 frumentum
1011 1445 1084 1470 sex
1113 1444 1319 1470 mensrum
1347 1429 1609 1484 imperatum,
1632 1445 1747 1486 saga·
1762 1444 1779 1477 7

366 1501 447 1540 que
470 1494 511 1526 ct
533 1495 652 1541 togae
675 1486 891 1535 exercitui,
915 1494 956 1527 et
978 1486 1140 1527 obsides
1166 1487 1216 1527 ab
1240 1486 1409 1541 triginta
1428 1487 1556 1527 ferme
1582 1487 1778 1542 populis8

363 1543 534 1596 accepti.

421 1598 487 1638 Ita
521 1598 748 1654 Hispaniae
782 1599 1021 1640 rebellantis
1055 1599 1250 1649 tumultu,
1285 1599 1398 1640 haud
1431 1614 1582 1655 magno
1615 1607 1745 1664 motu,

364 1654 472 1694 intra
499 1669 653 1709 paucos
681 1656 769 1695 dics
796 1657 959 1697 concito
987 1665 1030 1696 et
1058 1672 1303 1711 complesso,
1331 1657 1374 1696 in
1396 1656 1584 1697 Afiicam
1613 1656 1747 1697 omnis

365 1719 497 1751 teiror
530 1726 681 1751 1·.015115
748 1711 796 1751 C.
823 1712 990 1752 Laelius
1030 1722 1152 1753 noete
1193 1713 1246 1752 ad
1282 1713 1526 1768 Hipponem
1564 1713 1745 1768 Regium

365 1783 495 1822 quum
527 1768 774 1816 accessisset,
804 1768 896 1808 luce
928 1769 1060 1823 prima
1090 1769 1142 1808 ad
1174 1769 1461 1823 populandum
1494 1785 1638 1824 agrum
1670 1770 1746 1809 sub

365 1824 492 1879 signis
532 1824 685 1864 milites
725 1824 939 1878 sociosque
980 1824 1143 1864 navales
1179 1824 1311 1864 duxit.
1377 1825 1598 1874 Omnibus,
1635 1825 1747 1879 pacis

365 1881 491 1920 modo
519 1881 723 1921 incuriose
752 1882 981 1935 agentibus,
1005 1896 1154 1935 magna
1184 1881 1321 1921 clades
1352 1881 1490 1921 illata:
1523 1882 1745 1936 nuntiique

366 1937 517 1992 trepidi
552 1937 851 1992 Carthaginem
884 1946 1036 1978 terrore
1068 1937 1230 1991 ingenti
1265 1938 1539 1992 complevere,
1574 1937 1745 1978 classem

367 1993 602 2034 Romanam
628 1993 950 2048 Scipionemque
979 1994 1271 2048 imperatorem
1292 1994 1353 2047 (et
1375 1994 1484 2034 fama
1503 1994 1637 2035 fuerat
1664 1995 1746 2058 iam

365 2049 409 2089 in
439 2050 621 2091 Siciliam
650 2050 969 2105 transgressum)
997 2050 1223 2090 advenisse.
1286 2050 1380 2090 Nec
1409 2059 1512 2106 quot
1542 2065 1666 2091 naves
1686 2050 1747 2091 vi-

365 2106 536 2155 dissent,
563 2122 640 2148 nec
671 2115 829 2162 quanta
858 2122 1004 2147 manus
1035 2121 1153 2162 agios
1182 2106 1462 2161 popularetur,
1490 2107 1585 2148 satis
1614 2107 1745 2162 gnari,

365 2163 506 2203 omnia
526 2164 569 2203 in
590 2163 734 2212 maius,
758 2172 874 2203 metu
895 2172 1086 2227 augente,
1110 2164 1379 2228 accipiebant.
1442 2163 1590 2219 Itaque
1611 2164 1747 2219 primo

366 2226 498 2260 101···101
527 2235 751 2274 pavorque,
775 2220 873 2260 dein
905 2219 1109 2260 maestitia
1139 2235 1298 2260 ammos
1328 2220 1520 2260 incessit.
1556 2226 1746 2260 ‘tantum

368 2275 604 2316 ‘fortunam
644 2285 836 2324 mutasse,
882 2284 941 2324 ut,
983 2276 1055 2331 qui
1096 2276 1220 2316 modo
1261 2276 1339 2331 ipsi
1379 2277 1610 2317 exercitum
1650 2284 1779 2324 ante9

368 2337 380 2356 ‘
396 2333 561 2373 moenia
579 2333 770 2373 Romana
785 2333 1027 2373 habuissent
1042 2333 1229 2381 victores,
1247 2333 1466 2388 stratisque
1484 2341 1545 2373 tot
1564 2332 1747 2373 hostium

369 2394 381 2413 ‘
397 2390 659 2438 exercitibus,
682 2404 826 2430 omnes
848 2389 992 2430 Italiae
1005 2389 1189 2453 populos
1214 2397 1285 2429 aut
1304 2389 1344 2429 vi
1370 2398 1441 2430 aut
1460 2389 1674 2430 voluntate
1702 2389 1747 2429 in

368 2446 653 2486 ‘deditionem
684 2445 965 2501 accepissent;
1003 2446 1045 2495 ii,
1077 2460 1195 2487 verso
1229 2445 1380 2495 Marte,
1413 2445 1579 2486 Africae
1614 2460 1748 2501 popu-

412 2565 428 2596 7
452 2559 664 2589 Frumentum
678 2569 734 2588 sem
748 2559 919 2595 mensium]
941 2560 1035 2589 Men-
1124 2558 1142 2588 8
1168 2559 1286 2597 Toyae]
1306 2557 1410 2596 Togas
1426 2557 1568 2588 milites
1560 2567 1592 2587 1n
1607 2556 1748 2588 hibernis

367 2610 448 2636 sum,
464 2601 549 2638 quod
573 2600 605 2629 in
630 2601 721 2631 codd.
739 2601 819 2639 Reg.
837 2604 868 2630 et
890 2600 964 2630 Put.
984 2610 1035 2630 ex-
1081 2603 1113 2629 et
1126 2600 1190 2629 otio
1202 2604 1375 2630 castrorum
1387 2603 1524 2638 gestasse
1535 2604 1641 2629 censet
1653 2599 1746 2631 CreV.

368 2644 442 2677 stat,
457 2642 598 2679 reposuit
612 2642 750 2672 Bekker.
797 2643 837 2672 In
853 2642 1036 2672 huiusmodi
1081 2641 1119 2673 cf.
1136 2651 1220 2680 supr.
1237 2641 1314 2671 xxii.
1331 2650 1379 2680 54.
1397 2641 1467 2671 infr.
1484 2641 1560 2671 xliv.
1581 2639 1626 2672 16.

368 2682 514 2720 genitivis
552 2683 679 2713 Livium
716 2694 779 2713 non
818 2694 943 2722 semper
978 2683 1037 2713 sibi
1123 2693 1142 2722 9
1165 2685 1343 2713 Fortunam
1358 2684 1512 2720 mutasse]
1539 2685 1582 2712 M
1583 2687 1674 2713 utare
1690 2692 1746 2721 pro

370 2728 514 2754 constare
562 2725 788 2755 animadvertit
833 2726 1036 2756 Drakenbor-
1080 2726 1201 2754 mutari
1222 2725 1404 2763 frequenter
1425 2735 1443 2754 a
1466 2724 1556 2754 Livio
1576 2723 1638 2754 dici
1661 2733 1745 2762 supr.

371 2763 471 2800 chius,
491 2766 642 2802 quoniam
670 2778 768 2805 apum
793 2771 825 2797 et
849 2769 972 2806 apium..
992 2778 1036 2798 se-
1082 2766 1125 2796 iii.
1147 2776 1192 2796 10.
1216 2771 1253 2797 ut
1272 2768 1356 2798 nihil
1374 2767 1448 2797 odor
1468 2770 1617 2801 mutaret,
1637 2764 1746 2796 docuit

370 2805 444 2834 dum
461 2809 490 2835 et
507 2808 627 2837 sedium
643 2808 761 2846 111111101-
776 2813 916 2847 usui-‚pat
1083 2808 1249 2840 Drakenb.
