1809 3178
112 1676 129 1696 ‘2

330 392 409 453 T.
473 389 747 452 LIVII
814 389 1194 453 PATAVl
1219 390 1277 450 N
1301 390 1332 449 l

520 580 862 632 LIBER

946 580 1142 632 XXII.

208 921 303 962 AM
327 937 400 962 ver
427 922 663 977 appetebat,
687 935 816 975 quum
847 919 1062 961 Hannibal
1090 936 1142 961 cx
1170 920 1354 962 hibernis
1384 921 1728 971 1novit,1r.e53,=.

146 929 199 1029 I
226 988 267 1019 et
294 979 575 1034 nequicquam
605 986 700 1018 ante
729 986 902 1017 conatus
928 977 1219 1018 transcendere
1250 978 1525 1033 Apenninum
1541 973 1578 1002 A.
1603 974 1639 1003 C.
1658 980 1728 1009 ²¹7·

140 1036 412 1076 intolerandis
432 1036 664 1091 frigoribus,
688 1044 730 1075 et
751 1049 847 1075 cum
875 1034 1035 1089 ingenti
1064 1034 1249 1089 periculo
1278 1044 1459 1076 moratus
1480 1050 1526 1075 ac

141 1103 267 1133 metu.

334 1092 460 1142 Galli,
503 1108 607 1147 quos
646 1091 823 1147 praedae
857 1091 1260 1146 populationumque
1293 1092 1527 1132 conciverat

141 1164 247 1204 Spes,
270 1158 492 1205 postquam
516 1164 591 1204 pro
613 1164 676 1197 eo,
700 1156 746 1188 ut
769 1148 846 1203 ipsi
869 1163 922 1187 cx
943 1148 1079 1188 alieno
1101 1163 1199 1203 agro
1221 1157 1413 1203 raperent
1434 1164 1530 1203 agc-

141 1215 332 1261 rentque,
362 1221 455 1246 suas
486 1215 613 1246 terras
638 1205 779 1245 sedem
808 1204 907 1243 belli
938 1219 1037 1252 esse,
1064 1205 1280 1259 premique
1312 1205 1527 1260 utriusque

172 1263 269 1302 artis
305 1263 565 1302 exercituum
602 1261 787 1301 hibernis
818 1260 1038 1309 viderunt3
1082 1270 1295 1301 verterunt
1332 1270 1440 1301 retro
1477 1261 1529 1301 ad

168 1319 428 1359 Iannibalcm
446 1319 496 1358 ab
521 1318 723 1358 Romanis
745 1317 857 1357 odia:
892 1318 1131 1372 petitusque
1155 1333 1275 1373 saepe
1293 1318 1528 1372 principum

143 1376 315 1424 insidiis,
346 1376 530 1431 ipsorum
558 1375 668 1415 inter
695 1390 737 1414 sc
759 1373 916 1423 fraude,
940 1374 1086 1414 cadem
1116 1374 1295 1423 levitate,
1319 1389 1403 1429 qua
1430 1390 1529 1414 con-

143 1441 368 1481 senserant,
401 1446 649 1472 consensum
680 1430 969 1478 indicantium,
1002 1439 1184 1470 servatus
1209 1439 1322 1478 crat3
1356 1439 1410 1479 ct,
1438 1446 1529 1470 mu-

116 1508 127 1528 1
144 1489 271 1530 tando
299 1505 411 1529 nune
439 1496 610 1537 vestem,
640 1502 753 1527 nunc
782 1495 1024 1543 tegumenta
1051 1486 1210 1542 capitis,
1237 1502 1373 1527 errore
1403 1487 1526 1527 ctiam

143 1561 230 1587 sese
263 1547 313 1586 ab
342 1546 503 1586 insidiis
533 1545 750 1585 munierat.

816 1543 1017 1584 Ceterum
1047 1543 1116 1584 hic
1142 1559 1309 1599 quoquc
1336 1544 1373 1583 ci
1406 1544 1529 1583 timor

142 1618 265 1643 causa
284 1603 363 1643 fuit
384 1602 585 1642 maturius
606 1600 803 1641 movendi
825 1615 877 1641 ex
899 1601 1095 1641 hibernis.

200 1660 284 1700 Per
318 1659 430 1699 idem
467 1667 632 1714 tempus
663 1658 743 1698 Cn,
778 1657 975 1697 Servilius
1008 1657 1154 1698 consul
1188 1657 1348 1698 Romae
1384 1656 1528 1697 Idibus

144 1715 309 1756 Martiis
337 1716 622 1771 magistratum
645 1715 749 1755 iniit.

812 1714 877 1754 Ibi
899 1729 1029 1769 quum
1058 1714 1110 1755 de
1132 1714 1345 1770 republica
1366 1713 1528 1754 retulis-

142 1781 217 1822 set,
246 1773 529 1828 redintegrata
559 1772 603 1811 in
635 1771 683 1812 C.
708 1771 961 1812 Flaminium
990 1771 1147 1811 invidia
1177 1780 1248 1811 est.

144 1829 362 1870 ‘consules
393 1844 562 1877 creasse,
593 1843 725 1869 unum
756 1828 921 1868 habere.

1314 1776 1324 1794 ‘
1342 1771 1460 1811 Duos
1485 1786 1527 1811 sc

987 1828 1116 1875 Quod
1146 1829 1258 1868 enim
1290 1828 1348 1867 illi
1375 1828 1526 1867 iustum

1541 1097 1629 1127 Galli
1646 1096 1690 1125 in-

1541 1139 1618 1169 fensi
1639 1140 1728 1168 llan—

1542 1181 1650 1211 nibali.

1544 1776 1704 1811 Qum-elne

1544 1819 1705 1848 Romano—

1542 1871 1610 1890 rum
1629 1860 1667 1889 de

145 1892 155 1910 ⁶
171 1886 407 1942 imperium,
431 1886 545 1941 quod
566 1885 797 1940 auspicium
829 1900 915 1925 esse
931 1885 950 1924 ⁴?
986 1884 1256 1939 Magistratus
1281 1884 1325 1924 id
1346 1900 1369 1924 a
1389 1884 1526 1931 domo,
1544 1901 1712 1932 mammio.

145 1949 156 1966 ‘
170 1943 345 1998 publicis
365 1943 619 1998 privatisque
636 1942 870 1998 penatibus,
889 1941 1051 1982 Latinis
1071 1942 1182 1981 feriis
1198 1941 1312 1990 actis,
1328 1940 1528 1981 sacrificio

114 2001 211 2042 3‘in
242 2010 383 2041 monte
412 2000 610 2055 perfecto,
639 1999 744 2039 votis
769 1999 846 2039 rite
873 1998 917 2038 in
942 1997 1153 2053 Capitolio
1181 1997 1443 2052 nuncupatis,
1466 2012 1529 2037 sc—

113 2071 132 2097 4
146 2062 157 2080 ⁶
170 2072 266 2097 cum
286 2057 412 2097 ferre:
447 2071 524 2096 nec
545 2056 753 2111 privatum
775 2055 958 2110 auspicia
979 2055 1110 2109 sequi,
1128 2069 1205 2095 nec
1226 2054 1313 2094 sine
1337 2053 1530 2108 auspiciis

114 2124 130 2153 5
146 2119 157 2137 ⁶
173 2113 405 2169 profectum
426 2113 471 2153 in
492 2122 666 2153 externo
688 2127 737 2153 ea
758 2112 844 2153 solo
862 2127 969 2152 nova
989 2120 1115 2166 atque
1136 2111 1298 2164 integra
1311 2110 1529 2165 concipere

190 2297 202 2317 1
228 2289 352 2318 Ero-ore
366 2288 479 2324 etiam]
506 2286 646 2323 Fraude,
662 2295 743 2324 quae
760 2294 813 2315 eos

145 2329 176 2359 in
192 2339 328 2359 errorem
345 2329 484 2359 duceret.
531 2327 687 2367 Polybius
702 2327 745 2356 iii.
765 2327 812 2365 78.

146 2371 367 2400 Hannibalem
389 2371 629 2409 capillamenta,
645 2370 685 2399 ad
707 2368 815 2398 omnia

145 2416 287 2442 aetatum
309 2412 491 2441 discrimina
514 2413 662 2447 formata,
680 2410 738 2440 sibi
761 2420 814 2449 pa-

145 2454 262 2484 ravisse
277 2453 392 2483 scribit.

189 2505 205 2525 ἰ
223 2496 380 2526 Periclem
390 2496 529 2533 tempus]
546 2495 712 2524 Praetores
722 2493 818 2523 huius

145 2537 220 2567 anni
252 2537 363 2567 Livius
390 2540 515 2575 praeter
545 2545 666 2565 morem
699 2535 816 2564 omisit.

147 2580 296 2614 Quorum
319 2579 365 2608 M.
383 2578 541 2607 Aemilius
562 2577 708 2615 Regulus
724 2577 814 2605 urba-

146 2631 220 2651 nam
251 2620 502 2650 iurisdictionem
537 2619 727 2648 exercebat:
767 2617 814 2648 M.

148 2662 347 2701 Pomponius
377 2661 493 2692 Matho
524 2659 743 2699 peregrinam:
776 2659 814 2689 T.

148 2704 306 2734 Otacilius
328 2704 460 2734 Crassus
481 2702 645 2733 Siciliam:
679 2701 717 2730 A.
739 2701 815 2730 Cor-

146 2746 250 2776 nelius
266 2746 450 2776 Mammula
466 2743 645 2775 Sardiniam
662 2743 810 2773 habebat.

147 2828 165 2858 6
191 2797 208 2826 3
231 2789 272 2817 Iu
289 2789 407 2824 monte]
432 2787 568 2816 Albano.
586 2786 625 2816 cf.
642 2795 727 2823 supr.
751 2784 815 2814 xxi.

170 2839 197 2867 3.

900 2296 919 2322 4
950 2286 1019 2315 Nec
1046 2286 1212 2323 privatum
1239 2285 1385 2322 auspicia
1418 2284 1525 2322 sequi]

860 2326 994 2365 Quippe
1021 2327 1184 2364 pullorum
1211 2336 1371 2355 sacrorum
1397 2325 1528 2363 auspicii

858 2368 959 2406 gratia
989 2369 1134 2406 Augures
1163 2368 1387 2405 imperatorem
1420 2376 1528 2404 seque-

859 2411 999 2445 bantur;
1028 2410 1081 2439 sed
1109 2409 1269 2448 privatum
1297 2407 1438 2445 auspicia
1466 2418 1528 2436 non

861 2452 1085 2489 sequebantur.

905 2501 920 2531 5
945 2494 1040 2522 A'ova
1069 2497 1164 2531 atque
1193 2492 1317 2528 inteyra
1345 2491 1526 2528 concipere]

862 2534 968 2564 Semel
990 2533 1075 2562 enim
1099 2543 1172 2562 cum
1193 2531 1343 2570 auspiciis
1369 2532 1529 2570 profectus

859 2576 966 2611 domo,
983 2578 1107 2612 poterat
1122 2574 1155 2603 in
1177 2578 1308 2603 externo
1329 2574 1397 2603 solo
1419 2584 1456 2603 ea
1472 2574 1527 2603 ite-

859 2626 993 2654 rumque
1009 2616 1188 2654 iterumque
1203 2616 1262 2645 rite
1278 2625 1400 2654 capere.
1432 2616 1475 2645 At
1492 2626 1529 2645 ea

860 2668 942 2687 nova
959 2662 989 2687 et
1006 2668 1070 2687 non
1091 2662 1166 2687 ante
1182 2657 1325 2696 quaesita
1347 2657 1405 2686 sibi
1421 2658 1528 2695 acqui-

860 2709 927 2729 rere
943 2699 974 2728 in
992 2703 1122 2729 externo
1138 2700 1204 2729 solo
1217 2709 1281 2728 non
1299 2709 1390 2737 posse
1400 2703 1528 2728 conten-

861 2742 941 2771 dunt
954 2741 1066 2771 Patres
1077 2751 1163 2778 eum,
1175 2741 1230 2780 qui
1242 2740 1310 2771 sine
1319 2741 1357 2770 iis
1370 2741 1530 2779 profectus

861 2787 950 2813 esset.
975 2783 1079 2813 Ciu-zv.
