1871 3178
473 109 593 150 1.113.
629 107 800 148 XXIII.
849 107 993 147 (JAl'.
1029 112 1064 147 (ἰ.
1394 112 1464 150 127

51 211 59 230 ¹
80 204 88 219 ⁶
106 211 187 251 quc
211 206 378 252 propter
395 213 465 237 vos
485 212 579 237 eum
606 196 860 237 Samnitibus
877 195 1032 235 bellum
1055 209 1128 250 per
1148 204 1316 235 centum
1333 212 1460 252 prope
1485 208 1525 238 17.
1544 210 1580 237 (¹.
1604 207 1673 246 536.

79 258 89 275 ‘
106 268 248 302 annos,
272 255 454 294 variante
477 255 641 294 ibrtuna
669 262 880 301 eventum,
905 252 1131 292 tulerimus.
1199 252 1379 293 Adiicit‹=
1410 255 1461 294 ad
1482 252 1519 280 A.
1544 251 1580 280 ‘'-
1606 250 1676 279 ²¹⁶·

79 314 90 332 ‘
107 309 221 357 haec,
244 311 357 365 quod
371 311 516 351 foedus
533 326 712 365 acquum
730 309 895 357 ‹lc-ditis,
912 309 1024 364 quod
1042 309 1153 363 leges
1169 318 1332 357 vestras,
1348 312 1460 363 quod

79 366 155 406 ‘ad
193 377 425 408 extremum
460 368 524 415 (id
557 367 670 422 quod
710 375 805 407 ante
845 367 1113 407 Cannensem
1149 375 1259 407 certe
1301 366 1458 406 cladem

79 424 331 464 ‘maximum
367 425 463 479 suit)
493 425 701 464 civitatem
730 432 910 464 nostram
944 438 1117 478 magnae
1147 423 1253 478 parti
1279 425 1459 463 vestrum

46 491 62 511 2
80 485 90 502 ‘
107 481 312 527 dedimus,
351 481 832 535 communicavimusque
874 480 1097 520 vobiscum.
1163 480 1309 534 Itaque
1351 496 1462 520 com-

79 542 89 559 ‘
107 553 276 578 munem
299 554 369 578 vos
391 538 497 578 hanc
519 537 692 586 cladem,
714 552 821 592 quae
843 546 1011 592 accepta
1033 547 1106 585 est,
1129 537 1310 585 credere,
1337 537 1462 577 Cam-

78 595 216 650 ί1111111,
239 604 414 650 oportet,
437 609 703 635 communem
724 594 899 649 patriam
923 594 1120 634 tuendam
1151 594 1337 634 arbitrari
1360 609 1459 633 esse.

79 656 89 673 ‘
109 651 208 691 Non
240 667 333 692 cum
360 651 544 692 Samnite
576 660 647 691 aut
677 651 853 691 Etrusco
885 666 948 690 res
977 659 1051 699 est,
1074 658 1132 699 ut,
1157 651 1315 705 quoda
1346 651 1464 690 nobis

80 708 288 749 ‘ablatum
319 709 383 757 sit,
407 709 449 747 in
482 707 601 748 Italia
632 717 771 748 tamen
803 707 1024 763 imperium
1057 717 1233 748 mancat.
1297 707 1464 747 Poenus

79 769 90 786 ‘
106 765 247 813 hostis,
270 781 322 806 110
347 765 512 806 Africae
534 765 705 820 quidem
728 765 981 819 indigenam,
1005 765 1056 805 ab
1083 764 1238 804 ultimis
1260 773 1460 805 terrarum

79 822 198 870 ‘oris‚
219 822 323 863 freto
351 822 510 862 Oceani
534 821 811 877 Herculisque
844 821 1060 869 columnis,
1084 831 1303 876 expertem
1329 821 1464 862 omnis

79 878 205 919 ‘iuris
236 888 278 919 et
315 879 566 919 conditionis
596 888 636 919 et
668 879 834 933 linguae
876 893 1005 934 prope
1036 878 1256 927 humanae,
1289 878 1463 918 militem

80 935 242 976 ζ11111111.
307 935 448 984 Hunc,
471 944 618 976 natura
645 944 687 976 et
709 936 891 975 moribus
920 936 1122 976 immitem
1147 936 1376 990 ferumque,
1400 935 1463 974 in-

48 996 231 1048 3‘super
255 992 341 1032 dux
372 993 458 1048 ipse
490 993 688 1041 efferavit,
721 993 916 1048 pontibus
947 1008 994 1033 ac
1027 993 1204 1033 molibus
1235 1007 1286 1032 cx
1319 992 1465 1032 huma-

81 1053 92 1072 ‘
108 1064 257 1090 norum
278 1064 497 1105 corporum
519 1058 629 1090 strue
652 1050 864 1097 faciendis,
887 1058 941 1098 et,
964 1049 1098 1104 (quod
1127 1049 1316 1104 proloqui
1340 1049 1465 1089 etiam

48 1117 66 1144 4
81 1111 93 1129 ‘
108 1106 242 1162 piget)
262 1107 372 1147 vesci
402 1106 595 1147 humanis
620 1107 861 1162 corporibus
886 1106 1088 1146 docendo.
1153 1106 1256 1153 Hos,
1286 1105 1465 1145 infandis

81 1168 93 1186 ‘
135 1172 242 1204 astos
263 1164 409 1219 epulis,
428 1179 532 1219 quos
554 1164 795 1217 contingere
813 1163 938 1203 ctiam
961 1162 1075 1202 nefas
1097 1163 1160 1210 sit,
1179 1162 1318 1202 videre
1341 1171 1465 1216 atque

81 1179 259 1260 ‘iiabere
281 1220 484 1268 dominos,
508 1229 549 1260 et
570 1235 623 1260 ex
647 1220 789 1259 Africa
809 1228 850 1259 01
876 1235 899 1259 a
923 1218 1176 1273 Carthagine
1200 1219 1288 1258 iura
1310 1227 1465 1274 petere,

81 1281 93 1299 ‘
109 1285 151 1317 et
173 1276 337 1317 Italiam
356 1276 636 1316 Numidarum
659 1291 706 1317 ac
722 1276 966 1316 Maurorum
988 1276 1071 1330 pati
1091 1275 1346 1330 provinciam
1364 1290 1465 1323 cssc,

83 1339 93 1356 ‘
110 1334 177 1374 0111
200 1349 298 1382 11011,
320 1333 461 1388 genito
483 1333 607 1373 modo
630 1333 669 1372 in
694 1332 826 1381 Italia,
849 1332 1093 1372 detestabile
1116 1333 1198 1372 sit?
1235 1332 1466 1372 Pulchrum

83 1391 198 1439 ‘erit,
224 1390 444 1445 Campani,
468 1390 705 1445 prolapsum
728 1389 843 1429 clade
868 1389 1059 1428 Romana
1088 1389 1311 1443 imperium
1334 1397 1468 1428 vestra

83 1453 95 1470 ‘
111 1447 207 1496 fide,
229 1447 373 1488 vestris
394 1447 548 1486 viribus
578 1455 787 1486 retentum
818 1461 864 1485 ac
896 1454 1185 1500 recuperatum
1211 1460 1310 1485 csse.
1373 1444 1412 1484 T
1415 1445 1468 1483 ri-

52 1515 68 1545 5
85 1509 96 1528 ‘
111 1504 227 1560 ginta
247 1504 377 1544 millia
401 1503 603 1559 peditum,
627 1511 823 1558 quattuor
844 1502 1033 1556 equitum
1062 1502 1237 1542 arbitror
1259 1517 1311 1541 ex
1343 1501 1471 1541 Cam-

84 1567 95 1584 ‘
111 1561 235 1616 pania
255 1561 377 1601 scribi
393 1575 523 1615 posse.
586 1559 675 1600 Iam
693 1559 895 1615 pecuniae
918 1559 1073 1598 affatim
1095 1567 1157 1599 est
1173 1558 1468 1612 frumentique.

84 1623 96 1642 ‘
115 1617 158 1659 Si
181 1633 322 1673 parem
343 1617 533 1658 fortunae
555 1627 712 1657 vestrae
736 1616 863 1656 fidem
884 1615 1058 1664 habetis,
1082 1630 1159 1656 1100
1194 1614 1406 1655 Hannibal
1429 1630 1470 1655 se

84 1681 95 1699 ‘
112 1675 255 1715 vicisse
277 1674 440 1722 sentiet,
463 1689 540 1714 nee
565 1673 747 1713 Romani
769 1673 899 1713 victos
920 1672 1034 1712 esse.’

142 1731 235 1772 Hac
265 1731 450 1771 orati0nc
482 1730 662 1771 consulis
693 1729 871 1770 dimissis
902 1729 1258 1784 redeuntibusque
1297 1729 1468 1769 domum

85 1788 241 1844 legatis,
266 1803 374 1828 unus
407 1802 459 1828 ex
491 1787 552 1836 iis,
575 1786 725 1828 Vibius
747 1786 922 1834 Virrius,
947 1791 959 1809 ‘
975 1785 1163 1841 Tempus
1191 1786 1378 1835 venisse}
1400 1786 1468 1833 ait,

130 1966 141 1985 1
168 1957 236 1987 Per
250 1961 375 1986 centum
393 1966 494 1995 prope
510 1956 627 1992 annos]
655 1954 706 1985 Sic
723 1959 754 1985 et

86 1997 156 2028 infr.
173 2008 223 2036 4²·
269 1998 429 2028 Samnites
449 1997 628 2028 Hannibali
644 1997 755 2027 dicunt

85 2050 118 2069 se
135 2050 191 2079 per
211 2045 341 2070 centum
364 2050 463 2079 prope
481 2050 582 2069 annos
603 2049 675 2069 cum
701 2049 753 2078 po-

86 2083 164 2121 pulo
188 2083 339 2112 Romano
362 2083 484 2112 bellum
506 2082 646 2121 gessisse.
694 2081 757 2111 Ve-

84 2124 149 2154 rius
164 2128 273 2155 tamen
290 2128 348 2161 est,
361 2125 445 2162 quod
461 2124 531 2154 infr.
550 2123 638 2154 xxxi.
653 2133 702 2162 31.
718 2124 758 2153 ab

85 2166 189 2205 legato
203 2167 353 2196 Romano
369 2166 499 2201 dicitur,
515 2166 547 2195 id
563 2166 685 2195 bellum
703 2175 759 2204 per

85 2209 287 2248 septuaginta
304 2218 403 2247 prope
418 2218 518 2238 annos
538 2212 662 2247 gestum
679 2217 756 2238 esse.

86 2249 247 2289 coeptum
269 2250 355 2280 enim
381 2254 427 2280 est
451 2260 536 2280 anno
559 2250 601 2280 U.
623 2250 660 2280 C.
685 2259 756 2288 412.

87 2297 252 2331 peractum
268 2302 352 2322 anno
369 2294 440 2330 480.
488 2293 604 2330 Itaque
628 2301 684 2330 per
703 2301 757 2321 no-

88 2343 159 2363 vem
182 2337 214 2363 et
238 2334 403 2373 sexaginta
425 2344 526 2363 annos
551 2338 675 2373 gestum
701 2337 757 2364 est.

88 2375 194 2406 Cassv.

132 2427 148 2447 ’Ζ
172 2418 343 2455 Dedimus]
371 2417 473 2447 Vobis
485 2417 538 2455 qui
554 2417 587 2446 in
603 2417 758 2447 ditionem

88 2462 229 2489 nostram
260 2464 363 2488 vestra
392 2459 500 2488 omnia
530 2469 648 2497 vosque
675 2458 760 2497 ipsos

89 2501 282 2531 dedideratis
294 2513 302 2536 3
323 2510 360 2530 ac
374 2501 506 2539 proinde
519 2511 583 2530 non
596 2505 663 2530 tam
674 2500 760 2536 socii,

89 2553 186 2582 quam
209 2542 342 2575 subiecti
364 2542 497 2581 imperio
518 2546 625 2571 nostro
648 2541 758 2571 haberi

89 2584 251 2624 poteratis.
298 2584 374 2614 Vid.
396 2594 480 2623 supr.
498 2584 548 2614 vii.
571 2592 620 2621 31.
665 2584 759 2614 Cete-

89 2637 159 2657 rum
177 2627 253 2657 olim
270 2626 322 2656 hic
343 2626 420 2656 editi
439 2627 660 2665 praeferebant
675 2625 758 2655 dedi-

89 2680 168 2700 mus.
214 2668 332 2708 Scripti
353 2669 501 2699 dedistis:
529 2668 614 2697 unde
636 2667 758 2697 Grono-

92 2711 160 2741 vius
184 2710 367 2741 emendavit
397 2711 518 2740 deditis.
566 2710 668 2739 Recte
694 2718 758 2738 om-

91 2753 176 2783 nino.
201 2753 306 2783 CREV.
352 2753 414 2782 Sed
442 2753 481 2782 de
506 2752 632 2782 foedere
657 2760 759 2788 aequo

92 2795 130 2824 cf.
148 2795 283 2825 Niebhr.
300 2794 330 2824 ii.
347 2805 378 2825 n.
400 2804 466 2834 149.

137 2846 152 2875 3
178 2837 334 2867 Pontibus
355 2847 392 2866 ac
409 2837 539 2867 molibus
554 2847 593 2867 em
608 2836 760 2866 humano-

798 1966 869 1985 rum
890 1965 1058 1994 corporum
1079 1959 1167 1985 strue
1180 1956 1360 1993 faciendis]
1398 1955 1472 1985 val.

800 1997 890 2027 Max.
913 1997 956 2028 ix.
976 2007 1002 2027 2.
1020 2001 1175 2027 memorat
1197 1997 1417 2027 Hannibalem
1441 1998 1472 2026 111

804 2039 954 2077 Vergello
979 2039 1164 2078 corporibus
1192 2038 1349 2068 Romanis
1376 2044 1474 2077 ponte

803 2082 888 2111 facto
908 2081 1085 2111 exercitum
1107 2080 1294 2110 traduxisse.
1342 2081 1472 2119 Vergel-

803 2123 853 2153 lus
868 2128 990 2153 torrens
1009 2128 1068 2160 est,
1084 2123 1149 2152 sive
1171 2122 1351 2152 amniculus
1375 2133 1474 2162 prope

803 2165 943 2201 Cannas,
969 2166 1037 2194 solo
1067 2165 1124 2194 illo
1156 2165 1346 2195 cadaverum
1377 2170 1475 2204 ponte

801 2207 1028 2237 memorabilis.
1053 2207 1159 2238 szv.

844 2262 863 2287 4
908 2251 994 2280 Vesci
1028 2250 1178 2279 humanis
1207 2249 1391 2288 corporibus
1424 2250 1474 2278 do-

801 2292 914 2328 cendo]
947 2292 1044 2321 Hanc
1072 2290 1269 2321 calumniam
1298 2291 1475 2320 Hannibali

801 2334 917 2363 frustra
929 2333 1065 2372 imponit
1073 2333 1380 2371 Terentius,quippe
1391 2333 1475 2371 quod

801 2380 966 2405 auctorem
993 2375 1088 2404 huius
1114 2374 1324 2404 crudelissimi
1352 2374 1475 2403 consilii

804 2417 1023 2446 Hannibalem
1034 2416 1285 2446 Monomachum
1297 2415 1392 2445 fuisse
1406 2425 1474 2453 pro-

804 2458 851 2488 dit
873 2458 987 2497 Polyb.
1006 2458 1048 2488 ix.
1072 2467 1121 2495 ²4·
1145 2457 1194 2487 cui
1218 2457 1350 2486 minime
1373 2467 1475 2486 assen-

804 2510 874 2529 sum
898 2500 994 2529 fuisse
1015 2509 1166 2538 magnum
1190 2499 1421 2535 Hannibalem,
1437 2499 1475 2528 si-

803 2541 868 2570 cuti
883 2541 958 2571 Dio.
972 2541 1004 2570 in
1020 2541 1171 2579 Excerpt.
1186 2540 1311 2577 Fragm.
1326 2540 1475 2570 Vatican.

807 2591 854 2621 7¹.
880 2587 911 2612 et
936 2582 1133 2621 Porphyrius
1155 2583 1195 2612 de
1220 2582 1421 2612 Abstinentia
1444 2583 1475 2613 ii.

804 2624 1011 2662 57.se1·ibunt.
1029 2625 1199 2654 A.M.ucs.
1230 2624 1381 2655 Ceterum
1395 2635 1474 2654 mer-

804 2666 920 2696 cenarii
945 2665 1199 2705 Carthaginiens.
1224 2665 1257 2696 in
1279 2666 1387 2696 Africa
1411 2667 1476 2696 bel-

804 2708 908 2738 lantes
925 2709 965 2737 ad
982 2708 1042 2737 hoc
1058 2708 1181 2737 facinus
1197 2708 1320 2747 delapsi
1337 2713 1420 2738 sunt.

848 2759 863 2788 5
889 2751 943 2779 Em
959 2750 1137 2789 Campania
1155 2751 1249 2780 scribi
1262 2752 1369 2789 posse]
1400 2751 1431 2780 h.
1448 2761 1474 2780 e.

807 2792 858 2821 Ex
887 2792 1007 2821 civibus
1030 2792 1205 2831 Campanis
1227 2797 1324 2831 atque
1346 2793 1475 2822 illorum

807 2833 985 2865 clientibus.
1015 2834 1054 2864 cf.
1073 2834 1206 2865 Niebhr.
1224 2834 1254 2867 ii.
1273 2845 1302 2866 11.
1325 2845 1389 2873 145.
