1877 3178
183 929 224 959 U.
242 929 277 959 G.
300 936 369 968 539.

180 973 217 1001 A.
242 972 278 1001 C.
301 980 368 1009 213.

180 1012 342 1042 Hannibal

179 1057 218 1085 aid
236 1055 351 1085 Taren-

180 1103 258 1128 tum.

189 1950 340 1990 Supersti-

189 1995 289 2023 tiones
306 1994 368 2023 Ro-

188 2046 258 2065 mae
274 2046 361 2066 exor-

188 2083 248 2108 tae.

562 384 638 445 T.
699 382 968 444 LIVII
1032 381 1541 445 PATAVINI

758 572 1095 625 LIBER
1160 572 1345 625 XXV.

498 915 592 957 UM
613 916 713 956 haec
734 915 777 955 in
800 915 941 956 Africa
960 925 1082 969 atque
1104 915 1147 954 in
1169 913 1371 969 Hispania
1389 921 1598 968 geruntur,
1622 911 1740 952 Han-

385 924 489 1024 D
516 973 625 1014 nibal
646 974 690 1013 in
710 988 805 1027 agro
826 972 1052 1012 Tarentino
1073 979 1266 1012 aestatem
1292 970 1556 1025 consumpsit,
1577 984 1647 1025 spe
1668 983 1742 1024 per

381 1031 655 1087 proditionem
685 1030 795 1070 urbis
823 1029 1142 1069 Tarentinorum
1169 1027 1403 1083 potiundae.
1463 1027 1651 1083 Ipsorum
1678 1026 1768 1065 in-1

384 1088 502 1129 terim
523 1098 565 1128 et
589 1087 906 1127 Sallentinorum
934 1085 1133 1139 ignobiles
1152 1086 1272 1125 urbes
1299 1085 1351 1124 ad
1373 1099 1468 1124 eum
1489 1083 1738 1124 defecerunt.

385 1145 543 1185 Eodem
567 1153 748 1198 tempore
769 1143 811 1182 in
838 1142 1009 1182 Bruttiis
1037 1157 1087 1182 ex
1108 1141 1326 1181 duodecim
1346 1140 1520 1196 populis,
1542 1140 1614 1195 qui
1635 1155 1742 1180 anno
1756 1155 1771 1174 z

384 1202 517 1256 priore
551 1201 603 1241 ad
638 1200 799 1240 Poenos
834 1199 1100 1247 desciverant,
1140 1198 1385 1238 Consentini
1415 1206 1456 1237 et
1491 1197 1668 1237 Thurini
1700 1197 1744 1236 in

385 1259 508 1299 fidem
536 1257 678 1313 populi
709 1257 887 1297 Romani
918 1256 1138 1296 redierunt.
1201 1255 1256 1295 Et
1282 1255 1418 1310 plures
1445 1254 1672 1302 rediissent,
1700 1253 1745 1292 ni

387 1316 435 1356 T.
455 1315 708 1370 Pomponius
729 1313 984 1354 Veientanus
1012 1312 1237 1368 praefectus
1262 1312 1430 1359 socium,
1451 1310 1653 1367 prosperis
1673 1309 1745 1350 ali-

387 1382 485 1427 quot
522 1371 854 1427 populationibus
890 1371 931 1410 in
965 1385 1060 1424 agro
1097 1369 1258 1409 Bruttio
1291 1369 1386 1409 iusti
1418 1368 1533 1409 ducis
1567 1367 1744 1423 speciem

388 1439 542 1478 nactUS,
565 1428 830 1469 tumultuario
851 1428 1035 1468 exercitu
1056 1436 1208 1475 coacto,
1230 1441 1323 1466 cum
1347 1425 1554 1466 Hannone
1575 1424 1745 1465 conflix-

387 1487 491 1526 isset.
555 1486 709 1540 Magna
730 1485 785 1525 ibi
802 1485 861 1525 vis
881 1484 1108 1532 hominum,
1131 1484 1203 1523 sed
1223 1483 1457 1523 inconditae
1475 1483 1615 1522 turbae
1632 1496 1746 1536 agre-

388 1543 510 1583 stium
531 1556 833 1596 servorumque,
857 1556 972 1582 caesa
992 1550 1061 1581 aut
1089 1552 1206 1595 capta
1227 1549 1309 1580 est:
1343 1540 1642 1594 minimumque
1663 1539 1746 1578 iac-

390 1612 501 1640 turae
524 1599 611 1643 fuit,
635 1598 745 1653 quod
771 1599 998 1653 praefectus
1026 1598 1132 1637 inter
1159 1606 1313 1638 ceteros
1334 1607 1394 1637 est
1419 1605 1573 1652 captus,
1596 1605 1638 1636 et
1658 1604 1746 1636 tum

390 1656 626 1697 temerariae
667 1670 828 1711 pugnae
869 1664 1020 1703 auctor,
1055 1663 1096 1694 et
1135 1663 1229 1694 ante
1265 1654 1519 1708 publicanus,
1555 1652 1745 1693 omnibus

390 1713 505 1753 malis
526 1713 677 1752 artibus
705 1722 745 1752 et
773 1712 1018 1767 reipublicae
1047 1720 1088 1751 ct
1112 1711 1371 1751 societatibus
1399 1710 1549 1750 infidus
1576 1710 1776 1750 damno-3

390 1785 550 1825 susque.
612 1769 875 1823 Sempronius
888 1767 1029 1808 consul
1046 1767 1086 1807 in
1110 1767 1287 1807 Lucanis
1300 1767 1428 1806 inulta
1443 1766 1597 1821 proelia
1609 1781 1744 1821 parva,

391 1827 497 1867 haud
532 1826 659 1866 ullum
688 1826 860 1880 dignum
892 1833 1129 1873 memoratu,
1154 1824 1271 1864 fecit:
1305 1832 1346 1864 et
1375 1823 1570 1878 ignobilia
1597 1822 1748 1878 oppida

392 1884 653 1924 Lucanorum
676 1882 832 1937 aliquot
852 1881 1112 1937 expugnavit.

452 1940 547 1988 Quo
583 1940 736 1979 diutius
768 1939 1003 1979 trahebatur
1036 1937 1201 1986 bellum,
1234 1945 1274 1978 et
1307 1937 1516 1977 variabant
1544 1935 1747 1976 secundae

392 1997 665 2051 adversaeque
692 2011 755 2036 res
776 2011 859 2036 non
880 1995 1085 2036 fortunam
1106 1995 1245 2049 magis,
1274 2009 1397 2049 quam
1425 1994 1594 2041 animos,
1615 1992 1749 2033 homi-

392 2069 509 2101 num3
543 2062 655 2093 tanta
674 2053 829 2108 religio,
847 2062 887 2093 et
908 2068 955 2092 ea
975 2067 1123 2107 magna
1136 2067 1187 2091 ex
1208 2060 1322 2107 parte
1345 2059 1526 2099 externa,
1544 2050 1749 2090 civitatem

391 2111 568 2159 incessit,
602 2118 647 2151 ut
682 2119 752 2150 aut
788 2110 986 2158 homines,
1018 2118 1089 2149 aut
1123 2108 1180 2148 dii
1212 2116 1379 2163 repente
1415 2107 1483 2147 alii
1513 2107 1751 2147 viderentur

391 2168 497 2208 facti.
560 2167 650 2207 Nec
672 2167 752 2207 iam
773 2167 816 2206 in
837 2174 992 2207 secreto
1009 2165 1130 2206 modo
1151 2174 1273 2220 atque
1294 2165 1400 2204 intra
1419 2164 1592 2219 parietes
1612 2162 1749 2203 abole-

392 2226 541 2265 bantur
570 2224 747 2264 Romani
779 2224 902 2271 ritus:
935 2222 1007 2263 sed
1036 2223 1079 2262 in
1106 2222 1270 2277 publico
1297 2221 1420 2261 etiam
1447 2236 1493 2261 ac
1512 2220 1599 2261 foro
1624 2219 1749 2274 Capi-

393 2281 573 2336 tolioque
596 2281 814 2320 mulierum
842 2281 960 2320 turba
989 2288 1086 2328 erat,
1106 2294 1182 2319 nec
1211 2277 1537 2326 sacrificantium,
1559 2292 1635 2317 nec
1656 2291 1748 2332 pre-

393 2339 572 2379 cantium
605 2337 703 2378 deos
735 2337 865 2392 patrio
900 2351 1022 2376 more.
1087 2335 1310 2376 Sacrificuli
1343 2350 1388 2375 ac
1418 2343 1528 2375 vates
1557 2341 1779 2389 ceperant4

392 2395 606 2436 hominum
632 2402 813 2434 mentes:
847 2407 1020 2448 quorum
1051 2407 1267 2432 numerum
1299 2392 1413 2432 auxit
1442 2391 1591 2431 rustica
1619 2390 1747 2446 plebs,

392 2468 443 2492 ex
472 2452 634 2492 incultis
655 2451 815 2491 diutino
842 2449 950 2491 bello
970 2449 1207 2504 infestisque
1237 2449 1341 2504 agris
1368 2456 1546 2504 egestate
1567 2456 1607 2488 et
1635 2455 1749 2488 metu

439 2596 446 2615 1
480 2588 619 2625 [psoram
650 2586 774 2615 interim
804 2589 833 2614 et
862 2585 1047 2614 Sallentino·
1092 2583 1155 2612 fere
1173 2582 1288 2612 Livius.
1313 2583 1415 2612 CREV.

394 2630 479 2665 rum]
520 2627 711 2657 Particulani
741 2632 769 2657 el
795 2626 915 2656 addidit
942 2626 1047 2655 Rube—
1135 2634 1151 2662 3
1174 2625 1394 2661 Societatibns]
1427 2622 1683 2656 Publicanorum‚
1708 2621 1747 2650 de

395 2670 471 2698 nius.
520 2671 607 2707 Ipsos
633 2669 773 2707 intellige
796 2667 994 2705 Tarentinos,
1014 2672 1049 2696 ut
1092 2667 1294 2705 quibushaec
1308 2676 1368 2695 vox
1381 2665 1561 2695 sollenniter
1572 2663 1745 2693 adhibetur.

395 2712 532 2739 Gronov.
550 2715 665 2740 mouet.
1093 2719 1176 2747 supr.
1194 2708 1278 2738 xxiii.
1297 2718 1344 2748 49.

437 2762 451 2780 2
479 2754 570 2780 :Imm
592 2753 713 2790 priore]
748 2752 880 2781 Duobus
901 2755 974 2780 ante
997 2761 1047 2780 an-
1135 2762 1152 2787 4
1175 2751 1353 2788 &lca-ificuli
1369 2760 1405 2778 ac
1420 2750 1521 2785 vales]
1547 2747 1665 2776 Eadem
1682 2745 1745 2775 fere

393 2793 452 2825 nis.
468 2797 519 2821 aut
543 2793 635 2822 etiam
658 2794 804 2831 amplius,
821 2804 903 2831 supr.
920 2793 1002 2822 xxiv.
1025 2803 1047 2821 1.
1094 2803 1140 2821 res
1173 2796 1313 2821 narratur
1341 2801 1424 2828 supr.
1453 2790 1492 2819 iv.
1523 2798 1569 2827 30.
1626 2787 1745 2817 Similis

394 2835 479 2865 ¹xxiii.
497 2843 543 2871 30.
589 2835 649 2863 Sed
677 2835 753 2864 haec
778 2835 897 2864 minuta
922 2834 1046 2872 negligit
1093 2844 1215 2871 quoque
1231 2833 1298 2862 infr.
1317 2832 1422 2861 xxxix.
1440 2833 1466 2861 8.
1484 2834 1512 2859 et
1535 2840 1578 2867 14.
1604 2829 1741 2859 STROTH.
