1877 3178
382 93 465 132 448
899 92 1048 135 ΤΙΤΙ
1084 93 1264 135 LIVII

177 188 220 220 U.
237 187 275 220 C.
298 196 369 229 547-
384 185 396 203 ⁶
412 195 525 222 oram
547 180 692 223 Italiae
717 180 962 237 Galliaeque
984 190 1127 223 vectus
1150 182 1380 239 Emporias,
1404 184 1448 224 in
1470 185 1613 226 urbem
1634 188 1765 229 socio-

176 232 214 263 A·
238 232 276 264 C·
298 241 514 287 205·⁶rum,
548 238 719 279 classem
759 238 980 294 appulisti:
1024 240 1234 295 expositos
1265 240 1429 290 milites,
1458 256 1533 297 per
1562 244 1765 285 tutissima

383 295 559 344 ‘omnia,
591 296 644 336 ad
674 296 805 336 socios
835 305 877 336 et
907 295 1061 337 amicos
1090 296 1234 352 populi
1267 297 1449 338 Romani
1483 298 1763 342 Tarraconem

383 352 584 393 ‘duxisti:
618 353 669 394 ab
692 353 927 394 Tarracone
949 353 1101 394 deinde
1123 354 1203 394 iter
1225 369 1301 410 per
1319 354 1525 410 praesidia
1547 355 1760 398 Romana:

382 409 515 450 ‘circa
544 409 713 450 Iberum
739 410 946 451 exercitus
972 410 1099 466 patris
1129 411 1350 466 patruique
1377 411 1451 460 tui,
1474 420 1568 467 post
1595 413 1763 455 amissos

382 466 675 521 ‘imperatores
691 467 910 508 ferociores
924 476 964 508 et
982 467 1214 508 calamitate
1228 468 1333 523 ipsa:
1365 468 1452 509 dux
1469 469 1762 511 tumultuarius

381 523 579 578 ‘quidem
614 523 682 564 ille
715 523 763 564 L.
784 524 981 572 Marcius,
1014 533 1055 565 et
1086 524 1254 565 militari
1285 525 1479 580 suffragio
1509 525 1563 566 ad
1599 534 1762 582 tempus

380 579 549 630 ‘lectus,
578 589 776 629 ceterum,
806 581 839 621 si
870 581 1063 622 nobilitas
1093 597 1139 622 ac
1165 581 1261 622 iusti
1292 581 1469 622 honores
1497 582 1794 633 adornarent,4

380 641 392 659 ⁶
405 636 523 677 claris
544 637 861 692 imperatoribus
878 638 1064 693 qualibet
1080 648 1166 679 arte
1183 638 1281 679 belli
1302 654 1397 694 par:
1432 648 1672 695 oppugnata
1687 655 1762 695 per

380 697 392 715 ⁶
407 708 616 734 summum
637 695 768 735 otium
793 694 1016 750 Carthago,
1040 695 1154 736 nullo
1180 696 1304 736 trium
1326 696 1582 736 Punicorum
1602 696 1761 737 exerci-

380 755 524 790 ⁶tuum
554 751 684 792 socios
715 752 980 793 defendente.
1044 751 1209 801 Cetera,
1238 767 1377 807 neque
1409 768 1458 793 ea
1484 752 1614 802 elevo,
1643 753 1759 794 nullo

379 812 543 847 ‘tamen
576 808 701 848 modo
738 808 883 860 Africo
918 809 1027 850 bello
1060 809 1364 865 comparanda,
1398 810 1470 849 ubi
1498 824 1584 850 non
1616 818 1760 865 portus

378 868 390 887 ⁶
406 863 514 904 ullus
535 864 652 905 classi
673 874 836 906 nostrae
858 874 1036 921 apertus,
1059 881 1145 906 non
1176 881 1274 921 ager
1300 875 1482 921 pacatuS,
1505 881 1591 906 non
1616 866 1759 908 civitas

378 925 391 943 ⁶
403 921 526 970 socia,
548 936 634 961 non
656 936 728 962 rex
750 922 918 971 amicus,
942 937 1029 962 non
1050 923 1304 963 consistendi
1329 937 1503 977 usquam
1525 923 1651 972 locus,
1674 938 1761 964 non

377 977 668 1031 ⁶procedendi.
734 978 998 1034 Quacumque
1035 979 1388 1034 circumspexeris,
1421 979 1585 1020 hostilia
1619 980 1760 1021 onmia

377 1038 528 1088 ‘atque
550 1034 709 1074 infesta.
774 1035 846 1075 An
874 1034 1055 1090 Syphaci
1088 1035 1369 1090 Numidisque
1395 1036 1559 1076 credis?
1589 1037 1685 1077 satis
1706 1037 1759 1077 sit

377 1090 528 1130 ‘semel
549 1091 765 1131 creditum.
828 1091 929 1132 Non
946 1107 1110 1147 semper
1123 1092 1332 1132 temeritas
1353 1103 1415 1132 est
1435 1092 1556 1133 felix:
1591 1101 1631 1133 et
1648 1093 1758 1134 fraus

376 1146 527 1187 ‘fidem
553 1147 596 1187 in
624 1148 758 1203 parvis
789 1148 866 1188 sibi
894 1149 1128 1204 praestruit,
1155 1157 1214 1197 ut,
1242 1164 1373 1203 quum
1400 1163 1548 1204 operae
1574 1149 1757 1204 pretium

375 1204 463 1252 ⁶sit,
487 1219 581 1244 cum
611 1204 802 1245 mercede
836 1220 987 1261 magna
1013 1205 1137 1245 fallat.
1202 1205 1303 1245 Non
1333 1206 1471 1246 hostes
1495 1214 1655 1261 patrem
1685 1221 1759 1262 pa-

375 1265 624 1316 ‘truumquc
648 1270 767 1302 tuum
791 1262 914 1302 armis
941 1262 1068 1317 prius,
1091 1277 1217 1317 quam
1242 1261 1444 1303 Celtiberi
1471 1262 1572 1302 socii
1598 1263 1756 1312 fraude,

375 1317 787 1359 ‘circumveneruntz
821 1334 899 1359 1100
928 1320 1002 1359 tibi
1031 1319 1109 1374 ipsi
1137 1334 1160 1359 a
1191 1319 1376 1374 Magone
1405 1327 1447 1359 et
1479 1318 1755 1369 Hasdrubale,

374 1373 583 1415 ‘hostium
616 1375 804 1425 ducibus,
841 1385 1046 1431 quantum
1081 1376 1131 1416 ab
1169 1375 1341 1416 Indibili
1374 1384 1416 1416 et
1447 1375 1681 1417 Mandonio
1712 1377 1757 1417 in

374 1436 385 1453 ‘
401 1431 528 1471 fidem
556 1433 748 1487 acceptis,
771 1433 945 1488 periculi
973 1433 1061 1474 fuit.
1125 1432 1323 1473 Numidis
1351 1441 1397 1473 tu
1425 1433 1595 1473 credere
1623 1440 1754 1488 potes,

375 1488 679 1529 ‘defectionem
715 1490 895 1530 militum
937 1498 1103 1530 tuorum
1143 1490 1369 1545 expertus?
1412 1489 1467 1529 Et
1502 1489 1674 1545 Syphax
1714 1498 1756 1531 et

374 1543 620 1586 ‘Masinissa
644 1561 700 1595 sc,
730 1562 855 1601 quam
890 1546 1269 1602 Carthaginienses,
1300 1546 1460 1587 malunt
1490 1555 1682 1602 potentes
1710 1546 1754 1586 in

373 1601 543 1641 ‘Africa
574 1617 686 1642 esse:
733 1603 1114 1658 Carthaginienses,
1152 1619 1278 1659 quam
1318 1618 1573 1658 quemquam
1613 1603 1752 1644 alium.

373 1661 385 1680 ⁶
402 1657 529 1698 Nune
557 1658 647 1698 illos
675 1660 896 1700 aemulatio
917 1661 1027 1701 inter
1046 1676 1133 1701 sese
1162 1669 1203 1701 et
1234 1675 1378 1701 omncs
1398 1675 1543 1702 causae
1565 1660 1755 1701 certami-

373 1719 502 1754 ‘num
533 1724 701 1764 acuunt,
732 1716 830 1770 quia
856 1717 1001 1771 procul
1032 1725 1228 1757 externus
1259 1725 1395 1757 metus
1425 1726 1497 1757 est.
1563 1717 1752 1758 Ostende

373 1771 595 1812 ‘Romana
629 1787 752 1821 arma,
787 1773 1016 1813 exercitum
1057 1773 1359 1827 alienigenam3
1407 1773 1520 1814 velut
1552 1773 1605 1813 ad
1640 1788 1784 1820 com-5

373 1832 385 1850 ⁶
401 1842 526 1868 mune
547 1829 891 1884 restinguendum
908 1830 1150 1870 incendium
1168 1838 1426 1869 concurrent.
1471 1829 1609 1870 Aliter
1624 1829 1753 1870 iidem

373 1883 459 1924 ‘illi
483 1884 850 1940 Carthaginienses
873 1885 1120 1941 Hispaniam
1151 1885 1451 1926 defenderunt:
1490 1885 1609 1926 aliter
1639 1901 1753 1927 moe-

373 1946 385 1963 ⁶
400 1941 470 1981 nia
489 1942 658 1996 patriae,
678 1942 832 1997 templa
853 1942 992 1991 deum,
1016 1958 1103 1983 aras
1125 1951 1167 1983 et
1186 1942 1311 1991 focos,
1335 1942 1586 1991 defendent3
1620 1957 1751 1998 quum

373 2002 546 2038 ‘euntes
576 1998 620 2037 in
651 1999 854 2054 proelium
886 1999 1035 2054 pavida
1065 2006 1340 2054 prosequetur
1370 1999 1537 2048 coniux,
1563 2007 1605 2039 et
1634 1999 1751 2054 parvi

372 2053 518 2095 ‘liberi
539 2056 824 2096 occursabunt.
891 2056 1007 2103 Quid
1028 2056 1180 2111 porro?
1224 2055 1267 2096 Si
1288 2055 1385 2096 satis
1406 2055 1547 2096 confisi
1575 2054 1753 2097 Cartha—

372 2116 383 2134 ⁶
398 2111 606 2166 ginienses
631 2127 835 2153 consensu
858 2112 1038 2161 Africae,
1060 2113 1143 2153 fide
1176 2112 1382 2154 sociorum
1412 2126 1570 2167 regum,
1593 2112 1752 2153 moeni-

371 2169 474 2208 ‘bus
505 2169 600 2217 suis,
633 2184 762 2223 quum
795 2177 866 2210 tuo
897 2170 1186 2224 exercitusque
1219 2169 1280 2210 tui
1310 2169 1517 2224 praesidio
1549 2169 1750 2210 nudatam

372 2224 561 2265 ‘Italiam
591 2226 784 2274 viderint,
814 2226 891 2281 ipsi
923 2226 1031 2266 ultro
1062 2240 1217 2266 novum
1249 2225 1479 2266 exercitum
1511 2225 1555 2265 in
1587 2225 1751 2266 Italiam

371 2287 470 2322 ‘aut
500 2297 552 2322 ex
585 2281 729 2322 Africa
759 2282 969 2331 miserint3
1003 2291 1074 2322 aut
1096 2282 1338 2337 Magonem,
1362 2296 1501 2337 quem,
1531 2296 1555 2323 a
1575 2281 1750 2323 Baliari-

371 2343 382 2361 ⁶
399 2338 475 2379 bns
496 2338 622 2379 classe
652 2339 898 2387 transmissa,
921 2339 1002 2378 iam
1024 2347 1189 2394 praeter
1209 2353 1321 2379 oram
1344 2338 1549 2394 Ligurum
1571 2338 1750 2394 Alpino-

371 2400 489 2435 ‘rum
520 2395 674 2435 vectari
699 2403 872 2444 constat,
906 2395 1136 2436 Hannibali
1166 2410 1208 2436 se
1240 2395 1493 2451 coniungere
1525 2395 1749 2436 iusserint?

371 2451 565 2507 ‘Nempe
597 2452 641 2491 in
671 2452 820 2492 eodem
852 2462 1005 2493 terrore
1036 2453 1202 2501 erimus,
1231 2452 1275 2492 in
1303 2467 1386 2507 quo
1417 2467 1552 2507 nuper
1581 2452 1748 2501 fuimus,

371 2513 383 2530 ⁶
398 2523 528 2562 quum
547 2508 785 2549 Hasdrubal
804 2509 846 2549 in
865 2508 1027 2549 Italiam
1050 2509 1326 2550 transcendit:
1357 2523 1482 2564 quem
1500 2517 1558 2558 tu,
1574 2508 1646 2564 qui
1663 2523 1748 2549 non

371 2570 382 2587 ⁶
397 2565 530 2605 solum
555 2565 868 2621 Carthaginem,
891 2566 965 2607 sed
985 2581 1153 2606 omnem
1175 2565 1374 2615 Africam,
1397 2565 1583 2606 exercitu
1612 2573 1684 2606 tuo
1704 2579 1748 2606 05

411 2696 430 2722 4
453 2688 535 2716 Iusti
553 2688 702 2727 honores]
730 2688 878 2718 Honores
898 2687 1033 2727 impera·
1079 2687 1204 2718 Eadem
1229 2687 1387 2718 sententia
1411 2687 1547 2717 occurrit
1569 2688 1656 2726 apud
1677 2687 1746 2718 Cic.

369 2727 427 2755 tori
456 2729 681 2759 convenientes
708 2733 739 2760 et
770 2730 912 2770 legitimo
938 2731 1033 2760 modo
1079 2729 1222 2768 Philipp.
1244 2741 1274 2760 x.
1300 2739 1348 2767 10,
1368 2734 1400 2760 et
1426 2730 1513 2769 apud
1539 2729 1653 2761 Iustin.
1674 2729 1693 2759 i.
1718 2736 1745 2767 7.

369 2769 522 2798 mandati.
1080 2783 1107 2802 v.
1129 2782 1153 2803 1.
1179 2772 1293 2802 DRAK.

412 2818 428 2848 5
452 2811 505 2838 Ad
529 2833 535 2840 .
554 2834 560 2841 .
577 2834 584 2841 .
613 2813 792 2843 incendium
825 2815 1030 2850 sonem-rent]
