1877 3178
342 131 423 171 306
844 110 990 156 TITI
1026 105 1204 151 LIVII

144 234 188 266 U.
205 233 242 264 C.
265 217 507 271 541.coronis
527 212 659 256 aureis
682 206 976 267 praecedentes
1007 199 1116 242 Sosis
1146 196 1437 253 Syracusanus,
1459 197 1500 230 et
1529 185 1712 228 Mericus

144 279 183 308 A.
207 277 245 306 C.
267 277 584 332 ²¹¹·Hispanus:
632 281 807 325 quorum
842 263 968 304 altero
1003 258 1108 299 duce
1148 260 1351 294 nocturno
1393 247 1611 304 Syracusas
1649 242 1713 281 in-

351 334 521 377 troitum
542 336 652 376 erat3
685 325 787 366 alter
807 321 980 366 Nasum,
1000 312 1194 371 quodque
1215 309 1273 350 ibi
1293 304 1485 364 praesidii
1507 310 1604 349 erat,
1620 305 1747 355 pro-8

149 401 299 449 Sosiqliet
353 391 524 433 diderat.
587 384 667 426 His
707 380 904 423 ambobus
939 374 1079 415 civitas
1110 369 1217 416 data,
1254 374 1295 406 et
1333 363 1542 419 quingena
1575 358 1719 411 iugera

151 446 297 518 ἓῖζῗῗὲοῇ
355 448 453 505 agri.
517 442 651 485 Sosidi
681 440 725 480 in
746 452 842 493 agro
877 433 1144 489 Syracusano,
1167 424 1239 480 qui
1269 430 1340 463 aut
1359 419 1507 474 regius,
1529 423 1600 456 aut
1624 414 1719 453 hos-

172 498 190 527 g
255 497 274 516 a
303 509 309 515 “
358 507 462 548 tium
483 499 627 558 populi
648 494 827 538 Romani
847 491 1002 536 fuisset,
1024 494 1066 527 et
1087 483 1208 525 aedes
1227 477 1448 536 Syracusis,
1463 473 1579 515 cuius
1598 469 1723 510 vellet

359 576 514 609 eorum,
532 559 576 598 in
593 570 695 612 quos
714 551 813 593 belli
834 550 920 589 iure
943 541 1272 586 animadversum
1288 542 1414 577 esset:
1450 529 1609 572 Merico
1625 525 1725 567 His-

360 618 574 676 panisque,
601 613 673 668 qui
703 624 797 651 cum
824 622 873 647 eo
904 602 1161 647 transierant,
1184 596 1279 636 urbs
1306 604 1484 647 agerque
1516 587 1559 627 in
1588 582 1728 625 Sicilia

363 692 416 719 ex
446 675 507 723 iis,
536 671 608 728 qui
638 685 661 709 a
689 664 843 723 populo
874 662 1065 703 Romano
1096 653 1353 698 defecissent,
1382 648 1489 688 iussa
1518 642 1617 683 dari.
1677 638 1730 680 Id

366 733 428 775 M.
450 728 646 772 Cornelio
667 723 919 768 mandatum,
942 726 1000 766 ut,
1018 714 1089 756 ubi
1110 713 1148 753 ei
1168 709 1389 754 videretur,
1404 704 1547 745 urbem
1568 711 1731 754 agrum-

368 805 449 846 que
462 789 511 828 iis
524 785 759 839 assignaret.
810 778 861 819 In
882 775 1028 817 eodem
1046 785 1141 826 agro
1159 763 1375 821 Belligeni,
1391 775 1465 817 per
1483 771 1607 814 quem
1621 754 1733 795 illec-

369 857 435 888 tus
456 845 508 886 ad
528 840 812 884 transitionem
836 832 1019 875 Mericus
1047 835 1144 875 erat,
1166 822 1468 880 quadringenta
1488 817 1629 870 iugera
1648 809 1735 866 agri

371 905 548 945 decreta..

428 961 530 1001 Post
549 953 845 1012 profectionem
866 961 918 988 ex
937 943 1077 986 Sicilia
1098 937 1299 985 Marcelli,
1313 933 1474 976 Punica
1493 927 1629 970 classis
1645 932 1738 966 octo

170 1025 318 1074 Detfecfflo
374 1016 503 1058 millia
531 1012 732 1069 peditum,
765 1007 843 1047 tria
872 1001 1150 1044 Numidarum
1183 994 1370 1050 equitum
1400 985 1600 1044 exposuit.
1668 980 1740 1022 Ad

170 1070 294 1142 ἓῧζᾞὲῗ
310 1107 355 1139 Si-
376 1090 445 1116 eos
477 1067 770 1123 Murgantinae
799 1060 1060 1103 desciverunt
1086 1064 1240 1095 terrae:
1274 1057 1436 1090 secutae
1466 1041 1773 1085 defectionem9

176 1122 329 1184 cullarum.
378 1144 519 1173 earum
562 1123 704 1181 Hybla
738 1128 780 1162 et
814 1116 992 1159 Macella
1023 1121 1131 1160 sunt,
1165 1118 1207 1150 et
1238 1104 1500 1162 ignobiliores
1539 1096 1744 1154 quaedam

379 1189 492 1230 aliae.
554 1182 611 1223 Et
652 1177 876 1224 Numidae,
912 1171 1118 1229 praefecto
1159 1165 1339 1211 Mutine,
1375 1159 1467 1215 vagi
1505 1171 1579 1213 per
1618 1162 1747 1194 totam

384 1243 578 1290 Siciliam,
607 1238 810 1279 sociorum
840 1229 983 1288 populi
1013 1223 1194 1268 Romani
1224 1234 1340 1276 agros
1369 1217 1553 1258 urebant.
1617 1210 1750 1265 Super

382 1303 485 1344 haec
505 1297 711 1340 exercitus
740 1292 954 1333 Romanus
984 1286 1122 1331 iratus,
1144 1279 1294 1337 partim
1315 1273 1428 1331 quod
1455 1286 1549 1312 cum
1576 1269 1752 1323 impera-

386 1369 472 1401 tore
489 1371 574 1397 non
591 1354 786 1394 devectus
807 1362 859 1389 ex
874 1341 1086 1402 provincia
1105 1345 1223 1385 esset,
1240 1334 1387 1391 partim
1405 1329 1517 1385 quod
1533 1328 1577 1367 in
1591 1322 1753 1380 oppidis

387 1417 605 1457 hibernare
626 1408 742 1450 vetiti
764 1412 891 1452 erant,
907 1400 1021 1456 segni
1042 1396 1319 1451 fungebantur
1343 1387 1509 1429 militia:
1542 1381 1754 1437 magisque

389 1474 439 1514 iis
464 1478 605 1512 auctor
626 1466 677 1507 ad
704 1462 964 1507 seditionem,
987 1469 1110 1512 quam
1135 1452 1306 1497 animus,
1329 1447 1480 1487 deerat.
1541 1440 1657 1481 Inter
1682 1437 1757 1477 has

392 1527 652 1571 difficultates
681 1521 741 1563 M.
763 1516 984 1560 Cornelius
1004 1519 1168 1569 praetor
1188 1516 1229 1548 et
1256 1504 1435 1546 militum
1455 1499 1623 1546 animos,
1645 1507 1758 1535 nunc

394 1581 655 1629 consolando,
686 1591 799 1618 nunc
829 1570 1080 1627 castigando,
1112 1564 1280 1612 sedavit,
1312 1570 1354 1602 et
1390 1558 1574 1600 civitates
1604 1565 1759 1598 omneS‚

396 1657 501 1699 quae
533 1638 780 1682 defecerant,
803 1632 847 1671 in
875 1630 1075 1670 ditionem
1104 1621 1286 1676 redegit:
1320 1626 1443 1672 atque
1474 1628 1526 1655 ex
1550 1611 1613 1652 his
1642 1608 1763 1650 Mur-

398 1699 578 1757 gantiam
628 1689 839 1746 Hispanis,
881 1686 1030 1741 quibus
1069 1681 1164 1721 urbs
1211 1690 1390 1732 agerque
1431 1670 1658 1712 debebatur
1706 1677 1760 1705 ex

400 1749 765 1799 senatusconsulto,
787 1742 983 1786 attribuit.

462 1808 678 1856 Consules,
715 1817 843 1860 quum
879 1799 998 1841 ambo
1033 1793 1229 1850 Apuliam
1269 1786 1521 1845 provinciam
1552 1782 1766 1825 haberent,

404 1872 622 1923 minusque
645 1865 726 1904 iam
755 1857 918 1901 terroris
938 1871 962 1896 a
980 1851 1133 1895 Poenis
1158 1857 1200 1890 et
1227 1842 1462 1888 Hannibale
1494 1846 1612 1886 esset,
1634 1833 1770 1876 sortiri

406 1927 504 1969 iussi
525 1922 718 1979 Apuliam
736 1912 1108 1965 Macedoniamque
1125 1903 1365 1963 provincias.
1429 1895 1610 1952 Sulpicio
1628 1892 1772 1933 Mace-

408 1983 534 2026 donia
567 1978 717 2025 evenit,
748 1975 864 2029 isque
896 1968 1080 2011 Laevino
1115 1960 1319 2005 successit.
1380 1955 1561 2002 Fulvius,
1593 1951 1773 1991 Romam

410 2039 669 2084 comitiorum
696 2046 819 2073 causa
845 2026 1072 2072 arcessitus,
1095 2034 1224 2076 quum
1250 2014 1416 2058 comitia
1446 2008 1681 2053 consulibus
1709 2019 1775 2045 ro-

412 2097 556 2155 gandis
585 2093 769 2137 haberet,
799 2082 1081 2142 praerogativa
1109 2075 1285 2118 Veturia
1320 2071 1526 2113 iuniorum
1556 2061 1805 2106 declaravit:

210 2163 354 2197 Manlius
414 2156 464 2197 T.
485 2150 693 2195 Manlium
728 2146 987 2199 Torquatum
1028 2146 1069 2179 et
1103 2135 1153 2176 T.
1175 2130 1411 2175 Otacilium.
1473 2122 1669 2170 Manlius,
1705 2117 1779 2174 qui

211 2206 606 2280 ssgfflsssstumpraesens
646 2212 743 2252 crat,
779 2196 1011 2257 gratulandi
1046 2206 1168 2235 causa
1200 2202 1330 2245 quum
1366 2184 1485 2226 turba
1523 2180 1662 2227 coiret,
1702 2189 1780 2216 nec

290 2270 299 2278 ”
338 2271 345 2278 ’
418 2268 569 2311 dubius
589 2270 695 2305 esset
715 2270 936 2301 consensus
956 2251 1111 2310 populi,
1133 2260 1282 2302 magna
1301 2240 1569 2284 circumfusus
1589 2236 1708 2277 turba
1727 2231 1782 2272 ad

420 2322 599 2368 tribunal
645 2316 822 2360 consulis
860 2312 996 2358 venit3
1046 2307 1246 2364 petitque,
1290 2309 1336 2342 ut
1374 2312 1505 2354 pauca
1548 2308 1621 2334 sua
1659 2289 1784 2331 verba

422 2382 596 2428 audiret,
632 2373 957 2426 centuriamque,
990 2379 1094 2422 quae
1129 2361 1286 2403 tulisset
1318 2354 1568 2410 suffragium,
1603 2344 1785 2390 revocari

424 2440 594 2481 iuberet.
656 2430 816 2474 Erectis
836 2426 1026 2469 omnibus
1047 2416 1365 2475 exspectatione,
1387 2410 1586 2468 quidnam
1606 2402 1787 2462 postula-

427 2508 541 2538 turus
564 2500 681 2539 esset,
710 2487 921 2529 oculorum
948 2477 1226 2522 valetudinem
1254 2468 1473 2514 excusavit.
1536 2460 1789 2518 ‘Impuden-

260 1821 282 1856 N)

289 1819 327 1857 30

473 2609 491 2637 8
513 2608 604 2636 Alter
619 2602 759 2637 Nasum]
790 2598 865 2628 Non
883 2595 1020 2626 Nasum..
1035 2591 1089 2621 sed
1133 2588 1341 2620 desciverunt,
1367 2581 1480 2612 omissa
1506 2587 1581 2608 voce
1607 2581 1721 2610 terrae,
1745 2579 1790 2601 re-

434 2648 647 2680 Achradinam
659 2656 678 2674 a
689 2642 810 2674 Mel-ico
824 2638 981 2679 proditam
996 2634 1091 2664 fuisse
1136 2629 1239 2669 posuit
1256 2626 1393 2657 Bekker.

434 2701 518 2729 supr.
539 2700 612 2719 xxv.
635 2696 683 2724 30.
705 2683 846 2714 traditur.
901 2680 953 2709 De
975 2675 1092 2707 Sosidis
1181 2681 1191 2701 1
1217 2667 1447 2706 Praeroyativa
1471 2663 1599 2694 Veturia
1614 2655 1790 2692 iuniorum]

436 2734 532 2761 ductu
557 2729 665 2759 Livius
687 2725 814 2757 omnino
835 2725 930 2754 tacet.
950 2723 986 2749 ut
1008 2717 1091 2748 Peri·
1139 2724 1180 2744 sc.
1197 2710 1349 2743 Centuria
1368 2707 1525 2737 iuniorum
1541 2713 1580 2733 ex
1596 2698 1728 2731 Veturia
1741 2695 1794 2726 tri-

438 2784 504 2802 zon.
520 2768 749 2802 animadvertit.
1140 2758 1193 2791 bu,
1215 2763 1296 2792 quae
1322 2747 1568 2790 praerogativam
1589 2741 1695 2773 sortita
1719 2741 1795 2768 erat.

479 2824 498 2853 9
515 2812 747 2850 Μτιοῃαηιέηηε
762 2809 959 2839 desciverunt
974 2801 1093 2836 terrae]
1141 2798 1179 2827 cf.
1193 2806 1275 2834 supr.
1288 2804 1315 2824 v.
1330 2793 1375 2822 18.
1399 2791 1486 2820 Fusa.
1501 2788 1594 2817 Rom.
1608 2784 1682 2813 Ant.
1696 2781 1712 2816 ἓ
1730 2779 1795 2817 163.

442 2854 705 2886 Emendationem
724 2848 873 2879 Gronovii
891 2844 1097 2883 Μηνρηυίὶηῑῗ
1141 2839 1211 2868 infr.
1228 2835 1322 2866 xxvii.
1340 2833 1368 2862 6.
