1877 3178
347 111 429 152 278
845 109 991 151 ΤΙΤΙ
1033 108 1210 150 LIVII

146 211 188 242 U.
204 209 242 242 C.
265 218 336 250 540-
349 199 453 239 tium
481 213 610 248 caesa,
636 208 779 240 auctor
807 207 868 240 est
897 198 1112 248 Claudius,
1134 199 1208 254 qui
1235 200 1403 241 annales
1429 200 1643 242 Acilianos
1667 210 1751 241 ex5

144 255 183 284 A.
207 254 244 284 C.
268 263 337 284 ²¹²·
354 255 516 297 Graeco
555 256 599 296 in
639 256 836 297 Latinum
876 271 1106 296 sermonem
1146 257 1290 298 vertit:
1335 265 1476 313 captos
1517 258 1570 298 ad
1608 256 1721 297 mille

353 313 612 369 octingentos
651 314 841 369 triginta.
883 312 1077 369 praedam
1116 313 1330 368 ingentem
1369 322 1548 370 partam:
1590 314 1634 354 in
1674 329 1723 354 ea

352 370 475 410 fuisse
501 370 680 426 clipeum
701 380 941 424 argenteum
962 370 1102 425 pondo
1123 379 1290 411 centum
1312 371 1480 427 triginta
1499 379 1604 419 octo,
1626 385 1722 411 cum

354 427 532 482 imagine
566 427 732 468 Barcini
754 427 1035 468 Hasdrubalis.
1097 427 1288 468 Valerius
1310 428 1459 468 Antias
1483 443 1566 468 una
1592 435 1754 468 castra6

355 484 549 539 Magonis
576 494 695 539 capta
718 484 854 534 tradit,
877 492 1036 539 septem
1061 484 1189 524 millia
1215 500 1331 525 caesa
1360 485 1562 525 hostium:
1596 483 1723 524 altero

354 541 523 596 proelio,
538 541 752 596 eruptione
769 550 999 596 pugnatum
1016 556 1110 581 cum
1129 541 1406 582 Hasdrubale:
1435 541 1579 582 decem
1596 540 1725 580 millia.

355 598 500 647 occisa,
515 607 710 653 quattuor
725 598 853 638 millia
874 607 1078 638 trecentos
1091 599 1260 654 triginta
1279 609 1429 654 captos.
1492 598 1588 638 Piso
1602 597 1726 652 quin-

356 670 437 709 que
468 655 595 695 millia
624 655 853 703 hominum,
876 670 1005 710 quum
1028 655 1155 709 lWIago
1188 656 1382 696 cedentes
1408 664 1566 696 nostros
1596 655 1724 695 effuse

357 721 609 766 sequeretur,
624 727 741 752 caesa
761 727 812 752 ex
830 712 987 752 insidiis
1008 712 1157 753 scribit.
1221 713 1350 768 Apud
1371 727 1514 753 omnes
1528 725 1725 766 magnum

357 783 509 809 nomen
532 768 678 809 Marcii
701 768 817 809 ducis
838 778 908 809 est.
971 768 1026 809 Et
1041 784 1160 809 verae
1181 769 1334 825 gloriae
1356 770 1443 810 eius
1464 769 1586 810 etiam
1604 768 1727 808 mira-

357 825 450 866 cula
487 825 668 866 addunt:
720 826 926 866 flammam
967 826 1004 866 ei
1045 826 1306 867 concionanti
1345 827 1475 866 fusam
1515 841 1537 866 e
1577 825 1725 880 capite,

357 883 444 923 sine
466 882 591 937 ipsius
622 897 756 931 sensu,
779 898 874 923 cum
901 898 1050 937 magno
1070 899 1147 938 pax
1151 898 1219 923 ore
1245 883 1597 924 circumstantium
1619 881 1727 922 mili-

357 948 468 979 tum:
502 948 902 994 monumentumque
923 939 1116 980 victoriae
1146 940 1233 980 eius
1261 940 1313 980 de
1335 940 1499 988 Poenis,
1523 954 1652 994 usque
1674 938 1727 978 ad

357 996 572 1035 incensum
607 995 874 1050 Capitolium,
895 996 1055 1036 fuisse
1046 1012 1089 1036 ln
1120 997 1275 1052 templo
1303 997 1495 1052 clipeum,
1519 995 1759 1041 lVIarcium7

357 1052 621 1106 appellatum,
658 1067 752 1092 cum
792 1052 971 1107 imagine
1013 1052 1293 1094 Hasdrubalis.
1358 1053 1534 1101 Quietae
1575 1052 1726 1093 deinde

357 1108 611 1163 aliquamdiu
637 1108 678 1148 in
702 1108 906 1163 Hispania
931 1124 995 1149 res
1015 1109 1142 1158 fuere,
1165 1110 1362 1164 utrisque,
1384 1119 1477 1164 post
1502 1118 1633 1150 tantas
1660 1124 1728 1149 ac-

357 1174 496 1220 ceptas
524 1165 567 1204 in
595 1165 727 1205 vicem
754 1165 967 1220 illatasque
1004 1165 1152 1215 clades,
1175 1167 1464 1207 cunctantibus
1498 1165 1727 1221 periculum

358 1237 542 1262 summae
563 1237 699 1262 rerum
720 1222 865 1263 facere.

416 1279 531 1319 Dum
553 1279 655 1319 haec
676 1279 720 1318 in
742 1278 947 1334 Hispania
972 1288 1184 1334 geruntur,
1208 1279 1432 1321 Marcellus
1456 1280 1584 1335 captis
1608 1278 1729 1334 Syra-

359 1336 478 1384 cusis,
513 1351 642 1390 quum
673 1345 808 1376 cetera
839 1336 883 1375 in
914 1336 1053 1376 Sicilia
1083 1346 1198 1377 tanta
1221 1337 1303 1377 fide
1338 1346 1462 1392 atque
1492 1337 1728 1392 integritate

359 1394 666 1447 composuisset,
689 1404 735 1433 ut
756 1408 839 1433 non
861 1394 985 1433 modo
1006 1408 1120 1434 suam
1148 1394 1332 1449 gloriam,
1355 1394 1426 1434 sed
1453 1394 1575 1434 etiam
1603 1394 1729 1433 maie-

359 1458 504 1490 statem
533 1450 674 1505 populi
709 1450 901 1498 Romani,
935 1460 1128 1505 augeret3
1171 1460 1412 1492 ornamenta
1443 1451 1566 1500 urbis,
1599 1451 1727 1505 signa,

360 1506 612 1561 tabulasque,
636 1507 785 1561 quibus
806 1507 1071 1548 abundabant
1095 1507 1332 1563 Syracusae,
1356 1508 1533 1548 Romam
1550 1508 1727 1548 devexit.

361 1563 556 1603 Hostium
588 1563 760 1627 quidem
789 1564 859 1603 illa
888 1564 1029 1619 spolia,
1059 1574 1100 1604 et
1130 1576 1245 1619 paita
1275 1565 1371 1605 belli
1402 1566 1512 1605 iure:
1547 1573 1731 1605 ceterum

358 1620 455 1659 inde
491 1621 670 1674 primum
706 1620 869 1660 initium
903 1621 1078 1660 mirandi
1118 1621 1369 1662 Giaecarum
1405 1622 1554 1662 artium
1589 1636 1728 1677 opera,

359 1676 633 1731 licentiaeque
666 1676 762 1717 huic
790 1692 902 1717 sacra
928 1677 1179 1741 profanaque
1209 1679 1348 1719 omnia
1372 1679 1494 1734 vulgo
1525 1678 1762 1734 spoliandis

359 1734 512 1773 factum
538 1742 620 1773 est:
655 1749 760 1788 quae
789 1743 996 1788 postremo
1018 1734 1059 1773 in
1092 1734 1303 1775 Romanos
1327 1735 1437 1783 deos,
1442 1712 1662 1790 {templum
1687 1735 1730 1775 id

360 1790 494 1844 ipsum
516 1791 708 1845 primum,
728 1790 840 1845 quod
861 1806 884 1830 a
906 1790 1106 1830 Marcello
1123 1791 1273 1831 eximie
1295 1801 1484 1831 ornatum
1506 1801 1578 1840 est,
1595 1792 1726 1832 vertit.
1742 1810 1761 1840 9

360 1846 611 1887 Visebantur
631 1847 742 1887 enim
763 1847 813 1886 ab
834 1847 1015 1887 extemis
1043 1847 1095 1887 ad
1122 1857 1281 1902 portam
1306 1847 1519 1903 Capenam
1541 1848 1731 1889 dedicata

361 1919 384 1944 a
412 1903 612 1944 Marcello
644 1903 809 1958 templa,
835 1912 1003 1959 propter
1033 1904 1279 1945 excellentia
1304 1920 1392 1945 elus
1418 1905 1580 1960 generis
1611 1920 1731 1946 orna-

150 723 285 752 Flamm·
280 733 298 752 1.
314 733 330 752 6

148 765 253 804 capite
260 765 307 795 M
308 775 344 794 11·-

148 807 345 838 ciiemicans.

214 1283 282 1319 40.

153 1337 262 1375 Spolia
280 1337 334 1375 Sy«

153 1379 271 1408 racusis
283 1379 345 1408 Ro-

152 1431 236 1450 mam
254 1422 305 1450 dc-

151 1467 252 1494 vecta.

405 2040 420 2070 5
445 2033 589 2061 Annales
604 2032 783 2068 Acilianos]
823 2031 930 2061 Huius
952 2031 1023 2061 Aei-

362 2073 407 2109 lii,
423 2073 476 2112 qui
495 2073 616 2103 Graece
633 2073 755 2112 scripsit
770 2073 945 2109 historiam,
961 2084 1025 2104 1116-

362 2115 453 2144 11111111
470 2115 537 2145 (tic.
554 2116 593 2144 (16
610 2116 672 2146 Off.
693 2116 735 2145 iii.
755 2125 801 2154 32.
848 2116 931 2151 Quis
953 2126 1024 2146 vero

362 2157 416 2187 ille
432 2158 537 2191 fuerit,
553 2162 608 2186 aut
624 2158 750 2195 quando
768 2158 878 2187 vixerit
899 2169 961 2187 11011
978 2169 1024 2188 sa-

362 2200 402 2229 tis
428 2204 558 2229 constat.
589 2200 728 2230 Smorn.
782 2200 844 2230 Sed
871 2204 901 2230 et
927 2211 1024 2239 quum

364 2243 450 2271 Plut.
478 2242 509 2270 in
537 2242 606 2271 Cat.
634 2242 752 2271 maiore
781 2242 961 2272 meminerit
987 2244 1023 2273 C.

363 2284 471 2317 Acilii.
496 2284 571 2313 clari
598 2284 743 2320 hominis,
769 2284 821 2322 qui
852 2285 938 2314 laudi
967 2284 1024 2314 sibi

362 2326 489 2355 duxerit
511 2326 684 2355 Carneadis
708 2329 739 2355 ct
766 2326 920 2355 sociorum
945 2328 1025 2365 lega-

362 2368 456 2397 tionis
478 2368 738 2406 philosophorum
762 2368 918 2398 orationes
940 2370 1025 2407 apud

362 2414 509 2439 senatum
532 2409 742 2448 interpretari,
758 2410 842 2439 hunc
858 2414 922 2440 tam
940 2411 1026 2449 cupi-

362 2453 438 2482 dum
457 2452 651 2481 Graecarum
668 2452 829 2481 literarum
846 2452 945 2482 virum
963 2463 1026 2483 non

362 2494 470 2532 inepte
500 2494 731 2532 suspicabimur
755 2494 878 2524 Graece
901 2504 1026 2533 quoque

363 2536 521 2574 scripsisse
541 2536 712 2566 historiam.
759 2536 889 2575 Legatio
905 2537 961 2567 illa
977 2548 1025 2567 ca-

364 2578 410 2606 dit
430 2578 461 2607 in
482 2589 599 2607 annum
620 2579 661 2609 U.
674 2580 710 2609 C.
728 2586 796 2619 597.
841 2579 1025 2616 Claudium,

364 2619 417 2656 qui
432 2621 563 2649 annales
576 2620 738 2650 Acilianos
750 2621 782 2649 in
798 2620 947 2650 Latinum
963 2632 1023 2651 ser—

363 2670 488 2690 monem
504 2662 668 2697 convertit,
678 2662 862 2692 (116·1111115116
873 2663 1022 2693 Clodium

365 2701 533 2737 Licinium,
557 2705 595 2733 (16
619 2714 680 2741 quo
704 2705 773 2734 infr.
798 2705 884 2734 xxix.
908 2715 955 2735 22.
983 2716 1023 2735 ’111

364 2743 413 2771 cl·
415 2726 533 2772 11111111111
549 2746 612 2779 Qu·
617 2746 807 2782 alligarium,
818 2747 856 2776 dc
867 2757 928 2785 quo
939 2757 1022 2785 supi.

363 2784 426 2814 viii
448 2795 491 2823 11).
508 2796 547 2814 au
568 2787 665 2815 ilium
682 2787 820 2825 aliquem
839 2789 1022 2826 (laudium,

362 2827 528 2855 ‹le--ccmue
545 2837 606 2855 11011
625 2838 695 2865 poss
698 2838 798 2858 umus.
822 2829 923 2859 Cam.

1110 2031 1129 2062 6
1160 2033 1304 2062 Valerius
1319 2033 1453 2069 Antias]
1482 2032 1519 2062 cf.
1537 2032 1628 2070 Supr.
1644 2032 1687 2063 iii.
1701 2040 1730 2072 5.

1070 2074 1161 2104 Vixit
1186 2075 1293 2113 paullo
1312 2078 1386 2104 ante
1405 2078 1541 2104 aetatem
1559 2074 1731 2112 Ciceronis,

1069 2122 1099 2146 ct
1115 2117 1264 2155 aequales
1279 2116 1389 2146 habuit
1408 2116 1488 2146 inter
1506 2116 1669 2146 historicos
1685 2117 1730 2147 Si-

1069 2169 1198 2188 sennam
1218 2162 1249 2188 ct
1266 2160 1303 2189 C.
1321 2158 1479 2188 Licinium
1504 2159 1662 2196 Macrum,
1685 2159 1730 2189 in-

1069 2204 1116 2230 ter
1145 2205 1255 2239 poetas
1285 2200 1468 2230 Lucretium
1495 2205 1527 2230 et
1552 2201 1731 2232 Catullum.

1069 2243 1208 2273 STRoTH.

1114 2293 1128 2323 7
1145 2286 1312 2315 Incensnm
1323 2284 1529 2323 Capitoliwn]
1540 2285 1633 2314 Anno
1642 2285 1684 2316 U.
1693 2286 1729 2316 C.

1071 2326 1143 2366 669,
1159 2326 1306 2365 Scipione
1322 2330 1353 2356 et
1370 2326 1522 2356 Norbano
1538 2327 1730 2358 consulibus.

1110 2372 1128 2398 ὃ
1143 2370 1367 2408 ᾖῖικεηίἱαθᾳυθ
1381 2370 1471 2406 huic]
1485 2369 1642 2399 sc.Huius
1651 2373 1730 2399 tem-

1071 2410 1165 2449 poris,
1180 2421 1242 2449 quo
1258 2411 1317 2440 ista
1337 2410 1523 2441 scribuntur.
1554 2411 1592 2441 cf.
1609 2421 1693 2450 supr.
1708 2411 1730 2441 i.

1072 2461 1120 2491 55.
1142 2453 1181 2484 vi.
1198 2465 1227 2491 4.
1251 2453 1401 2483 GnoNOV.
1446 2454 1629 2483 Structurae
1652 2453 1731 2483 vari-

1069 2496 1186 2532 atione,
1203 2495 1305 2533 qualis
1320 2499 1366 2525 est
1383 2497 1511 2525 initizmz
1533 2496 1671 2525 mirandi
1693 2496 1730 2525 li-

1069 2539 1252 2577 centiaeque
1266 2538 1351 2573 huic,
1365 2537 1491 2567 Livium
1508 2537 1624 2576 passim
1637 2547 1729 2567 usum

1070 2590 1135 2610 esse
1150 2584 1259 2609 monet
1272 2579 1435 2610 Drakenb.
1460 2580 1499 2610 cf.
1512 2579 1582 2610 infr.
1598 2578 1729 2609 xxxviii.

1069 2631 1117 2661 39-

1109 2673 1128 2703 9
1151 2664 1279 2694 Eav‘oem'e
1304 2668 1451 2693 ornatum
1472 2665 1532 2701 est]
1573 2661 1727 2700 Intelligit

1067 2705 1152 2735 haud
1174 2705 1268 2735 dubie
1289 2706 1399 2735 aedem
1419 2705 1558 2735 Honoris
1573 2708 1604 2734 et
1621 2704 1725 2733 Virtu-

1067 2747 1116 2782 tis,
1131 2748 1170 2777 de
1186 2758 1248 2786 qua
1264 2748 1302 2777 cf.
1316 2747 1385 2777 infr.
1398 2747 1494 2776 xxvii.
1509 2755 1556 2785 25.
1578 2746 1664 2776 xxiX.
1680 2755 1725 2776 11.

1067 2789 1135 2819 Cic.
1152 2789 1183 2818 in
1202 2790 1292 2820 Verr.
1308 2789 1348 2819 iv.
1366 2798 1414 2827 54.
1440 2789 1531 2820 DUK.
