1825 3173
309 98 360 135 88
812 93 955 135 ΤΙΤΙ
995 92 1170 134 LIVI'I

110 191 150 220 U.
167 191 204 220 C.
227 199 297 229 535·
310 180 362 221 de
383 188 558 236 aequato
578 181 764 236 imperio,
781 181 877 221 satis
892 181 1036 230 fidens,
1055 180 1375 235 haudquaquam
1395 194 1489 219 cum
1510 178 1672 235 imperii

106 233 144 263 A.
168 234 205 263 C·
227 240 297 272 Ἠ7·
310 238 398 279 iure
419 247 547 279 artem
568 237 799 294 imperandi
820 247 1049 294 aequatam,
1071 252 1166 278 cum
1186 236 1340 277 invicto
1360 251 1384 276 a
1404 235 1559 278 civibus
1578 236 1672 277 hos-

310 295 502 351 tibusque
523 295 660 336 animo
680 295 733 335 ad
753 295 981 336 exercitum
1001 294 1133 336 rediit.

168 350 232 389 27.
367 352 580 393 Minucius
601 367 710 401 vero,
733 367 862 408 quum
882 352 963 393 iam
991 361 1084 393 ante
1112 351 1181 392 vix
1210 349 1428 392 tolerabilis
1447 349 1590 390 fuisset
1610 364 1672 390 se-

310 409 456 450 cundis
476 410 596 450 rebus
617 424 663 449 ac
683 409 819 450 favore
840 409 964 464 vulgi,
987 419 1075 450 tum
1103 409 1246 463 utique
1275 406 1494 447 immodice
1525 407 1673 447 immo-

310 466 519 522 desteque,
538 482 621 507 non
644 466 879 507 Hannibale
896 467 1024 521 magis
1043 466 1152 507 victo
1169 465 1218 505 ab
1240 480 1294 513 se,
1313 479 1437 520 quam
1462 463 1514 512 Q.
1530 463 1670 512 Fabio,

308 523 495 578 gloriari:
530 523 676 563 ‘Illum
697 522 741 563 in
768 524 889 564 rebus
919 524 1070 579 asperis
1097 522 1266 563 unicum
1297 521 1445 562 ducem
1466 536 1512 562 ac
1532 535 1672 576 parem

311 581 565 635 ‘quaesitum
598 579 837 629 Hannibali,
860 580 1056 621 maiorem
1084 579 1244 628 minori,
1274 578 1516 619 dictatorem
1544 577 1672 634 magi-

311 643 415 679 ‘stro
437 638 636 693 equitum,
659 637 772 692 quod
792 637 906 678 nulla
931 637 1129 678 memoria
1148 636 1297 677 habeat
1317 634 1539 684 annalium,
1560 635 1673 676 iussu

311 695 475 750 ‘populi
497 703 719 749 aequatum
747 694 790 734 in
818 694 962 734 eadem
990 694 1165 742 civitate,
1187 693 1230 733 in
1252 708 1334 749 qua
1354 692 1534 747 magistri
1555 692 1673 747 equi-

311 758 423 792 ‘tum
444 752 575 807 virgas
596 766 642 791 ac
663 766 825 792 secures
853 751 1062 791 dictatoris
1083 759 1255 792 tremere
1277 758 1401 805 atque
1423 749 1587 790 horrere
1608 762 1704 792 so-8

311 808 395 849 ‘liti
412 809 503 849 sint.
538 807 586 848 In
605 817 765 848 tantum
782 823 897 848 suam
912 808 1149 848 felicitatem
1170 808 1446 862 virtutemque
1463 806 1670 847 enituisse.

310 872 320 888 ‘
336 865 446 921 Ergo
467 874 704 906 secuturum
732 880 773 905 se
801 865 1007 906 fortunam
1034 880 1161 913 suam,
1183 865 1217 905 si
1244 864 1419 905 dictator
1439 864 1483 904 in
1504 872 1673 904 cuncta-

310 928 319 945 ‘
334 923 443 963 tione
475 938 521 963 ac
552 922 738 978 segnitie,
760 921 932 962 deorum
962 922 1259 977 hominumque
1290 921 1443 962 iudicio
1464 920 1703 970 damnata,9

310 980 555 1034 ‘perstaret’
614 978 774 1034 Itaque,
797 994 879 1034 quo
909 978 976 1019 die
1008 979 1185 1035 primum
1216 993 1455 1033 congressus
1485 986 1547 1018 est
1576 993 1671 1018 cum

311 1036 363 1083 Q.
384 1036 522 1085 Fabio,
546 1036 833 1077 ‘statuendum
855 1036 1039 1076 omnium
1061 1036 1266 1091 primum,'
1286 1036 1354 1084 ait,
1379 1041 1391 1058 ⁶
1403 1050 1504 1084 esse,
1526 1049 1672 1090 quem-

308 1099 319 1116 ‘
332 1093 555 1133 admodum
576 1093 749 1148 imperio
770 1101 944 1147 aequato
966 1102 1145 1133 utantur.
1209 1092 1260 1133 Se
1282 1092 1484 1148 optimum
1505 1092 1670 1141 ducere,

309 1156 319 1172 ‘
332 1159 402 1190 aut
422 1150 568 1190 diebus
588 1149 766 1197 alternis,
785 1159 867 1198 aut,
885 1149 918 1189 si
939 1150 1094 1190 maiora
1109 1148 1321 1190 intervalla
1340 1149 1562 1204 placerent,
1579 1163 1672 1204 par-

308 1213 318 1229 ⁶
333 1206 416 1246 titis
447 1207 710 1261 temporibUS,
732 1206 900 1246 alterius
924 1220 1130 1246 summum
1151 1206 1214 1245 ius
1234 1206 1537 1260 imperiumque
1558 1221 1668 1247 esse:

307 1270 317 1286 ⁶
332 1273 378 1303 ut
397 1278 470 1318 par
491 1263 598 1304 hosti
619 1278 703 1303 non
724 1262 857 1303 solum
878 1262 1060 1311 consilio,
1083 1262 1155 1303 sed
1179 1262 1332 1303 viribus
1353 1262 1477 1303 etiam
1498 1271 1615 1311 esset,
1638 1263 1672 1303 si

307 1327 317 1343 ⁶
331 1335 454 1375 quam
495 1320 750 1361 occasionem
790 1320 849 1360 rei
894 1319 1099 1375 gerendae
1146 1319 1380 1360 habuisset?
1461 1319 1513 1367 Q.
1544 1319 1671 1360 Fabio

305 1377 626 1432 haudquaquam
655 1377 698 1417 id
725 1376 909 1432 placere:
945 1377 1108 1417 ‘omnia
1134 1377 1244 1417 enim
1273 1376 1477 1417 fortunam
1508 1377 1671 1418 habitu-

307 1440 430 1483 ‘ram,
453 1449 725 1489 quaecunque
747 1434 954 1474 temeritas
975 1433 1154 1489 collegae
1177 1434 1395 1475 habuisset.
1451 1433 1537 1475 Sibi
1557 1449 1671 1475 com-

306 1497 316 1514 ‘
332 1491 585 1531 municatum
633 1505 727 1530 cum
769 1490 851 1539 illo,
892 1506 976 1531 non
1016 1490 1267 1546 ademptum,
1309 1491 1527 1547 imperium
1568 1506 1667 1532 6556.

306 1548 477 1602 ‘Itaque
509 1563 550 1588 sc
582 1562 795 1602 nunquam
835 1547 1042 1588 volentem
1081 1557 1208 1602 parte,
1241 1564 1323 1603 qua
1353 1557 1500 1603 posset,
1532 1563 1697 1590 rerum1

306 1604 499 1645 ‘consilio
529 1604 802 1659 gerendarum
832 1619 1062 1645 cessurum:
1096 1620 1173 1645 1166
1203 1620 1245 1645 56
1277 1614 1463 1661 tempora
1491 1614 1562 1646 aut
1583 1605 1670 1646 dies

306 1662 491 1717 ‘imperii
526 1677 620 1702 cum
656 1676 718 1710 eo,
755 1662 960 1702 exercitus
1000 1661 1239 1711 divisurum,
1275 1663 1439 1717 suisque
1476 1663 1667 1712 consiliis,
1683 1683 1700 1704 2

100 1727 267 1774 ¹Exercitus
306 1719 524 1774 ‘quoniam
546 1718 684 1759 omnia
704 1733 788 1758 non
810 1718 962 1767 liceret,
986 1734 1090 1773 quae
1111 1728 1259 1774 posset,
1282 1720 1560 1760 servaturum)
1605 1720 1670 1761 Ita

97 1773 182 1841 ᾞῑέἳ
193 1779 246 1841 8οῗ
303 1776 494 1825 obtinuit,
517 1776 578 1816 uti
607 1775 802 1831 legiones,
825 1776 930 1816 sicut
959 1776 1194 1816 consulibus
1224 1791 1311 1816 mos
1341 1785 1459 1825 esset,
1488 1776 1597 1817 inter
1626 1792 1668 1818 se

98 1822 171 1841 «nu
186 1823 226 1841 ΗΠ
246 1822 290 1841 ur.
303 1833 546 1873 dividerent.
619 1833 759 1873 Prima
788 1845 829 1873 et
859 1842 1004 1888 quarta
1034 1832 1236 1881 Minucio,
1268 1833 1449 1874 secunda
1478 1842 1519 1873 et
1549 1834 1669 1875 tertia

304 1890 430 1930 Fabio
460 1887 698 1931 euenerunt.
768 1890 874 1930 Item
905 1891 1063 1945 equites
1093 1890 1179 1945 pari
1210 1905 1394 1939 numero,
1426 1891 1666 1946 sociumque

303 1957 345 1988 et
365 1947 504 1987 Latini
526 1948 703 1988 nominis
724 1947 877 1987 auxilia
903 1947 1151 1988 diviserunt:
1186 1947 1325 1988 castris
1346 1963 1387 1988 se
1417 1963 1583 2003 quoquc
1605 1963 1668 1989 56-

304 2004 434 2060 parari
457 2005 649 2059 magister
668 2005 856 2059 equitum
877 2004 1017 2045 voluit.

161 2062 226 2098 28.
361 2061 529 2117 Duplex
551 2062 648 2102 inde
667 2061 890 2102 Hannibali
914 2061 1111 2117 gaudium
1127 2062 1226 2102 fuit:
1260 2077 1395 2117 neque
1418 2061 1529 2102 enim
1551 2062 1667 2117 quic-

100 2116 229 2186 Duplex
246 2116 290 2163 1'31·
303 2133 427 2174 quam
448 2133 603 2167 eorum,
626 2134 731 2174 quae
760 2118 870 2174 apud
894 2119 1030 2159 hostes
1058 2127 1287 2174 agerentur,
1310 2134 1406 2159 eum
1426 2118 1667 2167 fallebat,‘et

98 2159 137 2187 ‘¹⁰
178 2163 280 2187 ianm·
303 2175 483 2230 perfugis
504 2175 634 2216 multa
653 2176 942 2224 indicantibus,
961 2185 1002 2216 et
1022 2190 1096 2230 per
1116 2191 1208 2215 suos
1225 2175 1519 2230 explorantem.
1554 2175 1665 2216 Nam

118 2211 125 2229 ἱ
184 2211 203 2230 r.
237 2218 247 2222 -

98 2201 235 2274 iiiiiixi'w
302 2242 343 2272 ct
363 2231 530 2272 liberam
564 2232 742 2272 Minucii
773 2233 1044 2272 temeritatem
1075 2247 1117 2272 se
1147 2247 1220 2272 suo
1250 2231 1372 2272 modo
1393 2240 1695 2287 captatu1·um,3

301 2405 412 2435 biscita
435 2405 588 2443 populum
609 2408 764 2439 tenerent,
778 2404 898 2439 Patre&
915 2403 958 2432 in-
1003 2403 1125 2442 perium
1142 2413 1208 2433 esse
1227 2403 1406 2434 voluissent.
1428 2404 1532 2434 CREV.

300 2448 368 2486 quit
395 2447 585 2483 Gronovius,
608 2450 644 2476 ut
670 2447 832 2476 eluderent
860 2445 959 2484 plebis
1048 2456 1058 2475 1
1085 2447 1124 2476 Se
1143 2456 1306 2486 nunquam
1326 2447 1492 2483 volentem]
1529 2446 1569 2477 Se
1585 2457 1663 2476 nun-

299 2489 531 2526 auctoritatem,
557 2488 724 2527 plebiscita
759 2491 957 2519 senatuscon—
1002 2498 1097 2526 quam
1110 2498 1179 2518 eam
1196 2498 1297 2518 rerum
1312 2488 1441 2518 consilio
1456 2489 1662 2527 gerendarum

300 2532 390 2561 sultis
405 2532 589 2561 confirmare
604 2531 687 2560 soliti
703 2534 801 2561 erant.
1003 2534 1135 2569 partem,
1162 2540 1224 2569 qua
1253 2534 1368 2569 posset,
1392 2541 1434 2560 sc.
1461 2541 1509 2560 res
1532 2531 1662 2561 consilio

342 2575 360 2601 8
382 2575 512 2604 Secures
525 2574 701 2610 dictatoris]
729 2572 845 2612 Papirii
859 2571 956 2602 dicta·
999 2583 1116 2611 gerere,
1133 2573 1356 2602 derelicturum
1374 2583 1449 2603 esse.
1476 2573 1583 2603 Dona.

300 2619 370 2644 tura
393 2615 443 2644 hic.
466 2615 553 2645 innui
576 2615 706 2646 videtur.
737 2616 776 2646 cf.
793 2625 876 2654 supr.
895 2614 956 2646 viii.
1044 2625 1059 2645 ἰ
1079 2617 1249 2646 Emercitus
1260 2616 1453 2652 divisurum]
1470 2614 1660 2645 Particulam

302 2666 338 2694 32
356 2666 421 2695 sqq.
1000 2659 1054 2688 sed
1074 2667 1160 2687 more
1180 2657 1312 2687 Liviano
1335 2657 1482 2686 omissam
1506 2667 1572 2687 esse
1595 2666 1660 2685 mo-
1687 2675 1698 2683 .-

347 2708 366 2737 9
393 2700 532 2728 Deorum,
568 2700 785 2739 hominumque
822 2700 954 2737 iudicio]
1002 2700 1069 2730 nuit
1087 2700 1114 2730 I.
1132 2700 1270 2730 Gronov.
1301 2699 1339 2729 cf.
1356 2709 1439 2737 supr.
1456 2698 1498 2728 iii.
1519 2706 1565 2737 71.
1598 2709 1660 2728 non

303 2742 450 2775 Deorum,
466 2739 517 2778 qui
534 2740 589 2769 sibi
606 2741 758 2779 egregiam
775 2742 814 2771 de
832 2741 955 2771 Hanni-
999 2743 1155 2778 invenem,
1172 2743 1316 2773 vicesima
1338 2742 1401 2770 iam
1422 2741 1579 2779 stipendia
1599 2751 1658 2771 me-

301 2782 371 2811 hale
399 2781 557 2811 victoriam
587 2783 828 2817 concessissent*
861 2784 954 2814 homi·
1000 2788 1127 2814 rentem.

300 2835 386 2859 mam,
402 2823 454 2862 qui
471 2823 528 2853 sibi
551 2834 607 2862 par
630 2834 699 2854 cum
723 2825 875 2855 dictatore
899 2825 953 2854 im-
1041 2835 1058 2863 3
1081 2827 1120 2856 Se
1134 2836 1190 2855 suo
1207 2827 1290 2855 modo
1305 2826 1524 2863 captaturum]
1559 2825 1656 2855 Occa-
