1877 3178
341 109 423 146 210
849 103 993 145 TITI
1037 103 1211 144 LIVII

141 200 183 231 U·
201 199 238 230 C·
260 200 330 239 538·
343 205 427 237 tem
441 204 564 251 atque
580 195 811 251 Epicydem
826 204 966 235 creant
988 203 1213 250 praetores:
1251 193 1573 250 Syracusaeque,
1588 208 1715 250 quum

140 243 176 273 Α·
201 243 237 273 C.
261 252 330 280 ²¹4·
345 255 466 295 breve
488 263 650 309 tempus
670 253 835 293 libertas
855 252 1082 301 affulsisset,
1100 252 1142 292 in
1164 251 1378 307 antiquam
1399 252 1636 293 servitutem
1654 267 1718 292 re·
1732 269 1750 296 4

347 311 549 352 ciderunt.

203 372 269 410 33.
407 367 523 409 Haec
544 367 733 408 nuntiata
753 382 882 422 quum
904 375 1040 407 essent
1066 365 1278 415 Romanis,
1297 381 1349 406 ex
1371 365 1588 406 Leontinis
1608 374 1720 406 mota

143 427 282 480 Romani
295 428 334 457 ad
348 434 444 466 sunt
456 425 666 480 extemplo
688 433 816 465 castra
833 424 885 464 ad
909 423 1139 480 Syracusas.
1202 422 1257 463 Et
1277 424 1327 464 ab
1346 423 1486 478 Appio
1502 423 1626 478 legati
1647 437 1720 478 per

141 470 324 542 ἓζξζζῖιξῗέ
348 491 512 539 portum
544 482 654 522 missi
675 482 778 522 forte
805 481 848 521 in
869 480 1159 536 quinqueremi
1181 489 1308 521 crant.
1370 480 1599 520 Praemissa
1619 495 1720 535 qua-

142 532 226 586 v‘eiit.
349 540 549 588 driremis,
565 554 693 594 quum
715 540 904 579 intrasset
919 538 1055 578 fauces
1076 546 1230 594 portuS‚
1246 538 1427 593 capitur:
1458 537 1580 593 legati
1599 551 1719 591 aegre

350 597 595 653 effugerunt.
659 596 714 636 Et
741 596 821 636 iam
850 611 934 635 non
957 595 1080 635 modo
1107 595 1230 651 pacis,
1253 595 1325 636 sed
1346 610 1398 635 ne
1430 594 1528 635 belli
1550 594 1721 650 quidem

350 654 439 695 iura
459 654 600 695 relicta
621 662 761 694 erant:
796 667 922 708 quum
948 652 1161 693 Romanus
1183 652 1386 693 exercitus
1407 651 1459 692 ad
1478 651 1721 708 Olympium

350 711 479 767 (Iovis
500 711 542 751 id
564 710 765 766 templum
787 710 867 764 est)
884 709 994 750 mille
1023 719 1064 750 et
1085 710 1323 765 quingentis
1344 710 1528 765 passibus
1549 709 1599 749 ab
1621 708 1720 749 urbe
1736 722 1752 753 5

144 777 336 808 Mittuntle-
351 777 480 809 castra
500 768 648 824 posuit.
711 767 815 808 Inde
834 782 1000 822 quoque
1022 766 1176 822 legatos
1196 767 1404 822 praemitti
1420 766 1596 822 placuit:
1630 765 1722 821 qui·

143 820 439 880 gatosSy1·a-bus‚
462 841 514 866 ne
546 826 748 865 intrarent
779 825 935 865 urbem.
959 833 1075 864 extra
1104 833 1263 880 portani
1297 824 1572 880 Hippocrates
1597 831 1721 878 atque

145 873 244 893 tusas.
354 882 561 938 Epicydes
586 882 747 923 obviam
769 896 861 922 cum
885 881 967 921 suis
992 890 1288 936 processerunt.
1353 881 1566 921 Romanus
1588 889 1725 920 orator

354 945 365 963 ‘
381 955 465 980 non
486 939 640 980 bellum
662 953 703 979 se
729 938 1005 995 Syracusanis,
1024 939 1096 978 sed
1117 953 1238 994 opem
1253 938 1536 993 auxiliumque
1554 937 1724 985 afferre,’

352 997 421 1046 ait,
446 1002 457 1020 ‘
470 1005 512 1037 et
532 997 592 1045 iis,
616 995 699 1051 qui,
723 1011 773 1036 ex
792 995 927 1035 media
948 995 1072 1036 caede
1095 995 1234 1051 elapsi,
1256 995 1512 1051 perfugerint
1533 995 1584 1035 ad
1605 1009 1659 1043 se,
1683 1003 1724 1034 et

354 1060 364 1077 ‘
382 1054 442 1101 iis,
466 1053 550 1108 qui,
573 1061 687 1092 metu
719 1052 913 1107 oppressi,
937 1052 1174 1101 foediorem,
1198 1068 1282 1092 non
1313 1052 1458 1093 exsilio
1484 1052 1628 1100 solum,
1651 1051 1724 1092 sed

354 1116 365 1133 ‘
379 1111 504 1150 etiam
519 1119 663 1158 morte,
678 1110 915 1149 servitutem
934 1109 1151 1163 patiantur.
1211 1108 1303 1149 Nee
1317 1109 1486 1150 caedem
1503 1109 1724 1149 nefandam

358 1173 369 1190 ‘
385 1167 587 1207 sociorum
609 1166 781 1206 inultam
798 1165 1008 1205 Romanos
1024 1181 1221 1220 passuros.
1283 1165 1429 1220 Itaque
1451 1166 1480 1205 si
1505 1166 1565 1214 iis,
1581 1166 1651 1220 qui
1673 1165 1726 1206 ad

354 1229 365 1247 ‘
381 1239 423 1264 se
456 1223 722 1279 perfugerint,
761 1231 873 1263 tutus
911 1223 952 1262 in
992 1223 1165 1277 patriam
1198 1223 1353 1263 reditus
1385 1231 1556 1278 pateret,
1590 1222 1758 1262 caedis6

354 1287 365 1304 ‘
382 1290 567 1322 auctores
585 1276 806 1328 dedantur,
825 1288 866 1319 ct
886 1279 1050 1320 libertas
1066 1279 1260 1336 legesque
1285 1279 1550 1336 Syracusanis
1563 1279 1727 1320 restitu-

356 1344 367 1361 ζ
384 1347 516 1386 antur,
539 1338 642 1378 nihil
672 1337 792 1377 armis
814 1352 916 1392 opus
941 1352 1039 1377 csse.
1104 1337 1145 1378 Si
1169 1353 1217 1378 ea
1244 1353 1327 1378 non
1349 1338 1463 1385 fiant,
1487 1337 1726 1392 quicunque

148 1401 325 1453 superbam
357 1396 426 1435 ‘in
444 1411 558 1435 mora
578 1395 641 1444 sit,
659 1395 766 1435 bello
783 1395 1093 1449 persecuturos,7
1154 1395 1223 1435 Ad
1244 1410 1293 1434 ca
1316 1394 1534 1450 Epicydes,
1555 1400 1565 1417 ‘
1582 1394 1624 1434 Si
1646 1409 1728 1449 qua

149 1443 332 1514 Ῑῇζῑῗῑῇζὲζῗῃι
359 1452 437 1492 ‘ad
466 1468 507 1493 se
539 1452 733 1492 mandata
762 1451 972 1499 haberent,
997 1467 1236 1507 responsum
1268 1452 1342 1500 iis‚'
1370 1452 1438 1500 ait,
1462 1458 1530 1492 ‘se
1561 1452 1727 1492 daturos

148 1496 209 1524 “³¹
229 1497 239 1514 ²
265 1508 269 1513 ¹
337 1507 530 1550 “fuisscz
565 1524 692 1564 quum
716 1509 757 1548 in
774 1524 928 1557 eorum,
952 1508 1003 1548 ad
1025 1524 1127 1563 quos
1148 1509 1350 1557 venerint,
1374 1524 1499 1549 manu
1519 1524 1582 1549 res
1606 1508 1729 1564 Syra-

358 1573 369 1590 ‘
388 1582 538 1607 cusana
569 1575 686 1614 esset,
711 1575 797 1605 tum
824 1574 1137 1606 reverterentur.
1202 1566 1244 1606 Si
1270 1566 1378 1606 bello
1407 1566 1618 1614 lacessant,
1641 1566 1728 1622 ipsa

359 1629 371 1647 ‘
386 1639 428 1664 re
452 1623 744 1671 intellecturos,
762 1638 1024 1677 nequaquam
1047 1623 1156 1663 idem
1179 1638 1264 1663 esse
1289 1623 1508 1679 Syracusas
1530 1639 1575 1664 ac
1590 1623 1728 1664 Leon-

151 1695 346 1734 Oppugnau-
360 1687 370 1704 ⁴
388 1681 494 1721 tinos
508 1680 772 1735 oppugnare.’
832 1679 894 1719 Ita
910 1679 1052 1733 legatis
1074 1680 1236 1727 relictis,
1254 1690 1391 1735 portas
1405 1681 1560 1721 clausit.
1623 1680 1727 1721 Inde

148 1742 200 1767 tur
216 1738 346 1776 Syracu-
360 1747 467 1778 terra
487 1738 670 1792 marique
693 1737 813 1777 simul
835 1745 1002 1791 coeptae
1025 1738 1253 1792 oppugnari
1270 1736 1516 1792 Syracusae:
1551 1747 1658 1778 terra
1677 1739 1728 1779 ab

151 1791 213 1811 ⁸²¹⁰·
361 1794 595 1850 Hexapylo,
619 1794 719 1834 mari
750 1795 799 1834 ab
824 1793 1074 1842 Achradina,
1098 1794 1213 1834 cuius
1235 1809 1374 1834 murus
1394 1795 1523 1834 fluctu
1548 1795 1726 1835 alluitur.

360 1852 427 1901 Et,
445 1852 553 1907 quia,
571 1852 676 1892 sicut
698 1851 927 1891 Leontinos
948 1860 1100 1891 terrore
1119 1866 1165 1891 ac
1186 1851 1318 1906 primo
1340 1851 1496 1906 impetu
1519 1860 1727 1906 ceperant,

358 1924 442 1950 non
473 1909 726 1956 diffidebant,
759 1917 913 1948 vastam
944 1907 1239 1963 disiectamque
1273 1908 1403 1963 spatio
1436 1909 1580 1949 urbem
1613 1918 1728 1964 parte

359 1966 497 2021 aliqua
531 1981 572 2006 se
613 1966 836 2013 invasuros,
879 1980 1042 2005 omnem
1079 1974 1320 2021 apparatum
1357 1965 1729 2021 oppugnandarum

360 2024 523 2063 urbium
546 2023 672 2063 muris
693 2022 975 2063 admoverunt.

217 2089 282 2125 34,
419 2080 474 2120 Et
494 2080 701 2120 habuisset
724 2088 839 2120 tanto
861 2079 1019 2134 impetu
1032 2088 1179 2135 coepta
1199 2095 1262 2120 res
1279 2080 1498 2129 fortunam,
1521 2080 1600 2121 nisi
1622 2095 1729 2120 unus

156 2143 319 2173 Archime-
360 2137 484 2177 homo
509 2137 719 2193 Syracusis
740 2152 788 2177 ea
809 2145 1051 2191 tempestate
1067 2137 1220 2177 fuisset.
1283 2137 1556 2178 Archimedes
1574 2138 1606 2177 is
1627 2146 1727 2186 erat,

153 2187 506 2258 ‘llffllss‘ssl‘ffJJ-¹¹⁵unicus
562 2203 767 2250 spectator
816 2193 919 2234 coeli
969 2194 1258 2249 siderumque3
1318 2194 1542 2235 mirabilior
1591 2203 1729 2235 tamen

1745 2207 1761 2239 κῘ

154 2281 220 2300 rum
240 2270 341 2299 ludifi-

154 2317 251 2343 fflnu'
403 2344 421 2370 4
444 2333 653 2371 Rea-iderunt]
676 2334 867 2363 Reciderant
882 2333 974 2364 Crev.
991 2337 1021 2362 et
1066 2333 1184 2364 Stroth.
1202 2333 1352 2372 qnoniam
1373 2334 1481 2364 Livius
1502 2344 1730 2373 nonnunquam

362 2374 499 2405 Bekker.
516 2379 731 2414 reposuerunt.
1066 2381 1211 2414 tempora
1227 2376 1349 2406 diversa
1365 2376 1474 2415 iungit.
1499 2377 1536 2407 cf.
1550 2387 1634 2416 supr.
1650 2376 1727 2407 xxii.

408 2426 424 2456 5
454 2418 548 2448 Mille
576 2423 606 2448 et
642 2419 824 2458 quinyentis
858 2419 1020 2457 passibus]
1068 2418 1730 2458 32.“SionmesresNeapolitanorumsuas

360 2461 455 2489 Mille
477 2465 507 2490 et
528 2462 714 2499 quinyentos
733 2471 859 2499 passus,
880 2464 914 2489 nt
938 2461 1022 2490 locu·
1067 2460 1241 2497 duxissent,
1257 2461 1429 2500 dignosque
1444 2461 1685 2491 iudicaverint.”

360 2501 476 2531 tionem
507 2502 606 2541 magis
634 2502 810 2539 Liviffliam,
837 2506 1024 2541 receperunt
1112 2510 1127 2541 7
1155 2505 1275 2533 Unicus
1299 2508 1454 2542 spectator
1480 2506 1553 2534 coeli
1578 2505 1729 2534 siderum-

361 2544 452 2573 Crev.
480 2548 510 2574 et
537 2544 674 2575 Bekker.
725 2545 776 2574 De
804 2545 955 2584 Olympio
982 2545 1021 2575 cf.
1066 2546 1142 2585 que]
1164 2546 1255 2576 Coeli
1271 2546 1470 2584 siderumque
1486 2546 1728 2585 spectandorum

363 2585 456 2615 Diod.
476 2586 536 2616 Sic.
558 2586 621 2617 xiii.
640 2586 667 2617 6.
714 2587 821 2616 Huius
843 2587 955 2626 templi
979 2588 1022 2617 lo·
1066 2591 1133 2617 arte
1147 2598 1242 2627 supra
1254 2598 1362 2618 omnes
1374 2589 1543 2619 excellens.
1578 2588 1727 2619 Ceterum

363 2636 433 2672 cnm
462 2629 609 2658 columna
636 2629 729 2659 unica
750 2633 909 2668 superstes
937 2640 1022 2659 nnnc
1066 2629 1109 2659 ita
1133 2630 1279 2660 describit
1304 2630 1527 2660 Archimedem
1553 2629 1671 2667 Livius,
1693 2633 1728 2658 ut

363 2668 491 2699 indicat.
1065 2682 1098 2702 se
1115 2672 1181 2711 ipse
1198 2683 1307 2711 parum
1325 2672 1453 2702 omnino
1473 2673 1608 2711 peritum
1624 2681 1726 2700 rerum

404 2708 423 2738 6
447 2712 577 2741 [reditus
598 2715 739 2751 pateret]
775 2715 902 2751 Pateat,
926 2724 1021 2752 quam
1065 2715 1363 2744 mathematicarum
1400 2715 1560 2749 exhibeat,
1594 2722 1725 2751 quarum

364 2760 472 2779 vocem
503 2754 601 2782 oratio
628 2754 752 2784 videtur
781 2757 951 2793 postulare,
977 2767 1022 2786 re·
1066 2766 1141 2786 sane
1159 2757 1263 2786 studia
1284 2767 1446 2794 nunquam
1462 2757 1548 2794 apud
1565 2756 1728 2785 Romanos

364 2797 534 2839 posuerunt
559 2795 650 2825 CreV.
679 2800 709 2825 et
737 2797 874 2827 Bekker.
898 2799 952 2827 sed
981 2799 1022 2827 le·
1066 2808 1257 2837 magnopere
1284 2798 1416 2836 viguere.
1468 2798 1543 2827 Non
1572 2800 1725 2826 astrorum

364 2837 499 2863 ctionem
521 2840 655 2865 nostram
679 2838 875 2868 retinendam
901 2839 1022 2869 censuit
1067 2840 1245 2877 cognitione
1275 2839 1444 2878 praecipue
1473 2838 1585 2869 claruit
1616 2839 1725 2868 Archi-
