1871 3178
504 110 627 150 LIB.
661 109 828 150 XXIV.
878 109 1020 150 CAP.
1055 114 1120 149 21.

128 198 265 239 uiedIa
291 207 420 239 aestas
448 208 594 240 exacta
621 208 719 248 erat,
742 208 783 240 et
812 198 993 239 hibernis
1021 198 1209 254 placebat
1237 198 1368 251 loeus)
1389 216 1500 240 eom-
1518 213 1557 242 U.
1576 214 1612 242 ‹'.
1637 216 1707 251 ΕΛΚ.

126 264 271 311 portat.
334 256 583 297 Praedatum
606 257 702 298 inde
727 255 935 297 Numidae
959 254 1181 310 Maurique
1211 271 1284 310 per
1308 256 1499 297 Sallenti—
1516 256 1551 285 A.
1577 256 1613 285 C·
1637 265 1706 292 ²¹4·

126 328 226 354 num
248 328 391 369 agrum
420 314 712 370 proximosque
736 313 914 369 Apuliae
940 312 1065 353 saltus
1085 313 1264 353 dimissi:
1300 314 1410 355 unde
1432 330 1498 355 ec-

126 380 237 411 terae
284 371 459 427 praedae
508 371 618 412 haud
659 371 848 420 multum,
890 385 1093 425 equorum
1131 385 1277 426 greges
1318 371 1496 412 maxime

124 428 283 477 abacti3
326 445 348 469 e
381 429 530 485 quibus
565 429 617 469 ad
653 436 849 484 quattuor
881 427 1011 468 millia
1045 428 1254 468 domanda
1288 428 1496 483 equitibus

124 485 263 526 divisa.

183 543 376 592 Romani,
411 559 539 599 quum
577 543 730 584 belluni
769 557 1030 598 nequaquam
1067 542 1420 583 contemnendum
1454 544 1495 583 in
1574 547 1638 582 21.

127 599 267 641 Sicilia
294 601 480 649 oriretur,
504 616 694 656 morsque
718 601 882 656 tyranni
910 601 1037 641 duces
1059 600 1187 655 magis
1210 601 1403 656 impigros
1425 601 1497 642 de—
1513 601 1703 658 ¹³2J¹'{¹¹¹¹ff¹¹”†·

96 657 248 699 zdisset
277 658 553 715 Syracusanis,
576 673 699 713 qil-<un
722 673 884 698 eausam
914 666 985 698 aut
1012 658 1170 698 animos
1198 667 1408 707 mutasset,
1434 658 1493 699 M.
1510 647 1561 716 {5¹2⁸
1579 653 1609 673 ”¹
1627 647 1702 674 ’³¹⁶¹‘

126 714 325 756 Marcello
347 715 463 756 alteri
485 715 700 755 consulum
723 730 813 756 eam
841 715 1092 770 provinciam
1117 715 1358 756 decernunt.
1424 715 1497 757 Sc-

123 772 306 813 cundum
338 772 584 828 I‘Iieronyini
614 772 782 813 eaedem
805 773 938 828 primo
967 773 1264 813 tumultuatum
1287 773 1329 813 in
1358 773 1497 814 Leon-

93 830 219 870 3tinis
247 830 358 885 apud
389 830 539 870 milites
566 831 711 879 luerat,
739 830 1089 886 vociferatumque
1117 831 1320 877 ferociter,
1350 846 1497 886 paren-

123 887 294 927 tandum
309 888 395 941 regi
411 887 611 943 sanguine
629 888 936 928 coniuratorum
953 903 1051 929 esse.
1114 887 1282 928 Deinde
1300 887 1496 930 libertatis

90 944 331 985 41·estitutae
354 945 475 985 dulce
498 945 643 985 auditu
664 961 816 986 nomen
838 946 980 986 erebro
1002 954 1256 1001 usurpatum,
1280 961 1371 1001 spes
1391 947 1498 987 faeta

90 1011 106 1039 5
120 1017 172 1042 ex
193 1002 370 1057 pecunia
391 1003 503 1058 regia
531 1002 770 1057 largitionis,
793 1002 1047 1058 militiaeque
1069 1003 1305 1059 fungendae
1328 1004 1496 1059 potiori-

119 1059 195 1099 bus
225 1059 413 1109 ducibus,
446 1069 487 1101 et
517 1060 644 1100 relata
675 1060 839 1117 tyranni
870 1060 991 1101 foeda
1026 1060 1180 1101 seelera
1210 1060 1494 1116 foedioresque

119 1116 324 1166 libidines,
348 1118 452 1158 adeo
474 1127 684 1158 mutavere
706 1118 875 1165 animos,
900 1128 944 1158 ut
973 1117 1224 1172 insepultum
1254 1118 1384 1158 iacere
1407 1134 1496 1159 cor-

118 1189 196 1229 pus
217 1174 356 1230 paullo
378 1184 473 1215 ante
501 1175 721 1215 desiderati
747 1175 852 1229 regis
880 1184 1131 1230 paterentur.
1198 1176 1340 1222 Quum
1369 1176 1494 1216 ceteri

88 1237 107 1267 6
120 1246 172 1272 ex
194 1232 416 1271 coniuratis
433 1232 481 1272 ad
501 1232 727 1272 exercitum
746 1232 1018 1272 obtinendum
1033 1232 1335 1279 remansissent,
1355 1233 1495 1273 Theo-

120 1288 242 1329 dotus
264 1297 305 1329 et
329 1288 438 1329 Sosis
460 1289 581 1342 regiis
603 1288 733 1343 equis,
756 1298 911 1344 quanto
940 1289 1120 1329 maximo
1142 1305 1262 1329 cursu
1290 1299 1493 1345 poteraut,

119 1354 166 1386 ut
186 1345 348 1401 ignaros
377 1346 563 1386 omnium
592 1346 725 1401 regios
756 1346 1049 1402 opprimerent,
1077 1346 1295 1402 Syracusas
1323 1356 1495 1388 conteu-

119 1403 236 1443 dunt.
302 1403 501 1444 Ceterum
518 1412 784 1459 praevenerat
805 1419 888 1444 non
910 1404 1017 1443 fama
1037 1403 1182 1451 solum,
1205 1404 1306 1458 (qua
1327 1404 1430 1444 nihil
1452 1405 1493 1444 in

120 1460 269 1501 talibus
290 1461 412 1501 rebus
429 1469 489 1501 est
509 1460 702 1515 celerius)
718 1461 790 1501 sed
812 1461 982 1501 nuntius
1003 1461 1127 1500 etiam
1144 1476 1195 1502 ex
1217 1461 1339 1516 regiis
1354 1462 1490 1502 servis.

90 1517 268 1573 7Itaque
302 1518 629 1558 Andranodorus
661 1526 702 1558 et
731 1517 927 1566 Insulam,
954 1527 996 1558 et
1023 1533 1173 1567 arcem,
1196 1528 1238 1559 et
1268 1518 1358 1568 alia,
1386 1534 1492 1573 quae
1508 1524 1671 1553 mun-‹1110-

88 1586 106 1615 8
120 1584 292 1630 poterat,
307 1591 496 1630 quaeque
513 1586 744 1630 opportuna
760 1584 889 1623 erant,
904 1575 1117 1630 praesidiis
1134 1575 1324 1616 firmarat.
1376 1576 1494 1617 Hex-
1507 1567 1685 1639 ῗῖζῐῖζῑέῗζζι-

119 1631 242 1689 apylo
267 1632 511 1673 Theodotus
536 1648 582 1673 ae
614 1632 724 1672 Sosis
752 1641 843 1688 post
870 1632 964 1673 solis
993 1647 1183 1673 oceasum
1211 1634 1293 1673 iam
1322 1634 1494 1675 obseura
1507 1630 1587 1681 012ssss
1603 1631 1693 1682 ‹ieeu-

119 1689 211 1731 luce
238 1689 404 1738 invecti,
427 1705 557 1744 quum
585 1698 798 1730 cruentam
827 1690 981 1744 regiam
1002 1699 1158 1731 vestem
1186 1700 1310 1746 atque
1332 1692 1492 1747 insigne
1507 1699 1570 1733 pat.

118 1747 262 1803 capitis
287 1755 552 1796 ostentarent,
584 1747 753 1787 travecti
780 1762 854 1802 per
876 1747 1077 1803 Tycham,
1101 1747 1223 1788 simul
1249 1748 1301 1789 ad
1330 1749 1494 1790 liberta-

118 1813 214 1854 tem,
248 1803 370 1845 simul
405 1804 457 1844 ad
490 1819 603 1845 arma
635 1814 842 1854 vocantes,
874 1805 917 1844 in
952 1804 1235 1846 Achradinam
1272 1807 1492 1848 convenire

116 1861 272 1902 iubent.
336 1861 567 1903 Multitudo
588 1876 680 1918 pars
701 1862 905 1918 procurrit
926 1862 970 1902 iu
990 1862 1087 1912 vias,
1111 1877 1202 1918 pars
1223 1863 1266 1903 in
1283 1864 1494 1905 vestibulis

1427 115 1500 153 197

165 2021 181 2041 ’.ι
207 2012 360 2049 Causam]
400 2011 553 2042 Similiter
582 2013 694 2044 Cicero
724 2013 783 2043 hac
828 2013 960 2044 ercitum
978 2014 1008 2043 in
1026 2018 1183 2053 potestate
1199 2015 1360 2045 habereut.
1378 2016 1482 2045 (ἔκταν.

118 2064 194 2084 voce
206 2054 305 2084 utitur
316 2055 356 2084 ad
369 2054 576 2094 designandas
590 2061 694 2094 partes
704 2056 782 2086 Cae-

117 2096 256 2127 sarianas
271 2100 326 2126 ant
343 2097 565 2136 Pompeianas.
597 2098 636 2128 cf.
654 2098 707 2129 Or.
726 2108 780 2136 pro

117 2138 218 2169 Mare'.
237 2149 264 2170 2.
281 2143 312 2169 et
330 2149 378 2178 31.

161 2191 178 2220 3
202 2183 464 2219 Parentamlmn]
506 2182 710 2222 Expiaudam
738 2193 781 2212 re-

116 2223 163 2261 gis
186 2228 332 2261 mortem,
356 2225 470 2254 Manes
493 2224 573 2264 regis
600 2225 782 2264 placandos.

118 2265 222 2296 Ciu-zv.

161 2318 180 2345 4
202 2309 305 2338 Dulce
327 2310 441 2338 auditu
464 2311 591 2347 nomen]
622 2309 709 2339 Olim
726 2321 781 2340 (m-

117 2350 226 2379 ditnm.
272 2350 413 2379 Mutavit
440 2351 553 2380 merito
581 2351 779 2382 Gronovius:

118 2395 149 2421 et
166 2391 248 2420 hane.
265 2391 331 2421 eius
348 2392 562 2422 coniecturam
580 2394 681 2423 firmat
704 2404 782 2423 mar-

118 2444 157 2473 go
175 2433 295 2463 Victor.
313 2433 439 2464 codicis.
462 2434 566 2464 Cnssv.

167 2483 184 2514 5
213 2477 416 2515 Militiaeque
437 2477 627 2515 fungendae
652 2479 780 2516 potiori-

119 2519 177 2547 bus
188 2519 337 2555 ducibus]
356 2517 520 2548 Militandi
536 2519 593 2548 sub
610 2519 782 2557 potioribus

119 2560 264 2597 (lucibus,
282 2570 377 2599 quarn
401 2564 490 2590 erant
516 2560 563 2589 illi
587 2561 713 2599 tyranni
735 2572 781 2590 as-

119 2606 304 2640 sentatores,
327 2602 440 2641 quibus
466 2602 600 2640 imperia
625 2603 782 2642 Hierony-

119 2655 190 2674 mus
216 2645 440 2675 demandabat.
489 2645 670 2674 Gronovius
699 2650 783 2675 reete

119 2687 301 2717 emendavit
323 2689 526 2727 militiaeque,
545 2697 601 2726 pro
625 2688 716 2717 militi
737 2692 781 2717 al-

119 2740 189 2769 que.
234 2730 277 2759 At
292 2730 377 2768 quod
394 2729 478 2759 idem
494 2729 582 2759 iussit
604 2729 664 2769 legi
685 2731 782 2768 potio-

118 2773 175 2808 ris,
191 2771 223 2801 in
240 2782 276 2802 eo
292 2771 338 2801 illi
360 2771 502 2802 assentiri
525 2782 587 2801 non
612 2772 782 2811 potuimus.

119 2815 223 2844 Cum.

159 2855 178 2886 6
194 2857 247 2886 Ad
257 2858 427 2888 erz’ercz'lzcm
441 2857 658 2894 obtinendum]
679 2857 720 2888 Ut
732 2867 782 2887 ex<

874 2064 888 2095 7
912 2057 1072 2094 Insulam]
1092 2068 1134 2086 se.
1149 2057 1325 2096 Ortygiam,
1341 2068 1422 2095 quae
1438 2057 1492 2087 ho-

825 2099 876 2128 dic
905 2099 979 2128 urbs
1009 2103 1054 2128 est
1085 2100 1268 2137 Syracusae.
1325 2099 1376 2129 De
1403 2103 1491 2137 quat-

825 2144 896 2170 tuor
915 2142 1140 2180 Syracusarum
1163 2141 1352 2180 regionibns,
1370 2141 1492 2177 Insula,

829 2183 1020 2219 Achradina,
1044 2183 1167 2223 Tycha,
1193 2183 1344 2222 Neapoli,
1368 2184 1405 2213 ef.
1423 2184 1491 2214 Cic.

827 2225 859 2255 iu
877 2226 967 2256 Verr.
984 2226 1024 2255 ir.
1042 2235 1092 2265 52,
1109 2230 1139 2255 et
1156 2234 1204 2265 53.
1244 2227 1360 2256 Arcem
1383 2230 1491 2256 autem

827 2267 981 2307 potiorem
996 2269 1125 2298 Insulae
1140 2272 1263 2307 partem
1275 2268 1368 2298 fuisse
1384 2273 1492 2299 mouet

829 2311 928 2340 Drak.
965 2311 1107 2340 Nomina
1119 2311 1246 2349 quidem
1263 2311 1425 2349 regionum
1442 2322 1491 2340 ur-

827 2353 874 2382 bis
890 2352 1020 2382 minime
1036 2363 1107 2383 eum
1125 2353 1162 2383 iis
1178 2363 1259 2392 quae
1274 2364 1324 2391 ap.
1343 2353 1490 2391 Thucyd.

829 2395 867 2424 vi.
896 2398 927 2424 et
953 2395 1002 2424 vii.
1030 2399 1167 2430 exstant,
1199 2395 1399 2425 conveniunt.
1450 2396 1490 2425 Iu

826 2437 972 2476 Thucyd.
990 2437 1029 2466 vi.
1047 2438 1096 2477 98.
1114 2438 1215 2476 Syeae
1238 2447 1353 2466 nomeu
1377 2440 1421 2466 est
1446 2447 1490 2466 rc-

824 2478 920 2517 gioni,
931 2490 1022 2517 quaeq
1035 2479 1121 2508 haud
1134 2479 1209 2515 scio,
1220 2490 1259 2508 an
1274 2479 1405 2517 Tyehae
1418 2489 1489 2508 eon-

825 2524 924 2559 gruat.
970 2521 1053 2550 Fieri
1075 2524 1181 2550 tamen
1200 2525 1303 2559 potest
1325 2526 1357 2550 ut
1378 2521 1490 2550 Hiero-

826 2563 874 2591 nis
888 2567 1032 2600 tempore
1048 2563 1150 2592 multa
1165 2563 1289 2593 adiecta
1305 2568 1490 2601 mutataque

827 2604 967 2633 fuissent.
993 2604 1163 2634 GLAREAN.

870 2648 887 2675 8
910 2647 1095 2685 Ileawlpylo]
1130 2647 1338 2686 Hexapylum
1367 2651 1488 2686 portam

827 2688 920 2717 fuisse
941 2688 1028 2717 istius
1046 2688 1142 2726 partis
1157 2690 1393 2728 Syracusarum.
1409 2701 1490 2728 quae

828 2730 940 2770 Tycha
958 2730 1132 2766 dicebatur,
1149 2732 1239 2761 docet
1256 2733 1383 2762 Cluver.
1404 2733 1489 2763 sicil.

830 2774 903 2803 Ant.
921 2773 938 2803 i.
961 2783 1005 2802 12.
1031 2773 1069 2803 ef.
1083 2773 1151 2804 infr.
1169 2785 1242 2804 xxv.
1258 2784 1305 2813 ²4·
1350 2775 1490 2805 Strothio

828 2825 899 2854 pars
921 2816 1077 2854 quaedam
1103 2816 1187 2845 urbis
1210 2821 1319 2855 portae
1346 2817 1490 2856 proxima

829 2858 939 2888 eodem
946 2858 1072 2888 nomine
1080 2859 1243 2898 appellata
1252 2859 1346 2890 fuisse
1356 2859 1462 2890 xidetu
1468 2870 1490 2890 r.
