1877 3178
372 99 458 138 450
891 92 1039 134 TITI
1075 90 1255 133 LIVII

167 193 212 225 U.
229 193 268 224 C.
290 199 363 233 547·
380 189 391 207 ⁶
406 193 569 225 tantum
590 182 724 224 virum
742 180 994 230 insimulare,
1018 195 1144 235 quam
1162 195 1211 220 ca
1225 178 1417 234 suspiciO,
1433 178 1534 219 vitio
1550 176 1759 226 orationis,

167 236 208 267 Α·
231 236 270 267 C·
293 243 364 275 ²05·
379 246 455 281 ‘an
476 241 548 289 rei,
571 240 683 280 haud
705 253 802 278 sane
831 246 1007 293 purgata
1035 245 1107 277 est.
1173 236 1240 276 Sic
1267 235 1379 275 enim
1404 235 1583 275 honores
1603 249 1697 275 suos
1718 242 1760 274 et

379 298 554 338 ‘famam
578 311 715 336 rerum
743 304 951 350 gestarum
977 293 1128 334 extulit
1154 292 1301 340 verbis,
1331 291 1384 331 ad
1409 291 1761 346 exstinguendum

380 353 587 394 ‘invidiae
616 353 787 399 crimen,
813 360 1009 405 tanquam
1031 349 1134 389 mihi
1163 349 1213 389 ab
1235 348 1379 388 infimo
1401 362 1569 402 quoque
1597 347 1761 402 pericu-

381 411 493 451 ‘lum
524 410 589 458 sit,
619 424 671 448 ne
704 423 868 448 mecum
900 406 1154 447 aemuletur:
1189 413 1231 445 et
1260 420 1346 445 non
1374 405 1424 444 ab
1454 419 1517 452 eo,
1550 404 1635 458 qui,
1665 403 1763 458 quia

382 472 393 490 ‘
409 481 533 522 super
554 474 711 506 ceteros
733 464 922 512 excellat,
946 478 1029 517 quo
1051 477 1116 502 me
1139 476 1306 517 quoque
1328 461 1406 500 niti
1427 475 1512 500 non
1534 459 1760 508 dissimulo,

382 528 394 546 ‘
411 538 476 563 me
498 523 575 563 sibi
597 521 764 577 aequari
792 520 906 560 nolit.
972 519 1039 560 Sic
1067 533 1210 559 senem
1231 533 1274 558 se
1301 517 1567 573 perfunctum
1594 516 1796 556 honori-8

382 580 495 628 ‘bus,
519 588 560 619 et
581 594 647 618 me
680 578 786 617 infra
816 585 993 617 aetatem
1021 575 1096 615 filii
1125 575 1249 615 etiam
1277 574 1341 614 sui
1368 574 1531 629 posuit3
1564 582 1764 628 tanquam

383 641 492 676 ‘non
520 635 696 690 longius,
727 649 852 689 quam
881 641 1083 687 quantum
1105 632 1211 672 vitae
1243 631 1450 671 humanae
1480 630 1659 685 spatium
1688 637 1762 677 est,

384 698 395 715 ‘
411 692 617 747 cupiditas
636 691 790 745 gloriae
812 689 1074 737 extendatur,
1098 688 1360 742 maximaque
1388 702 1483 742 pars
1504 687 1592 727 eius
1612 686 1657 726 in
1678 700 1765 726 me-

385 749 585 789 ‘moriam
616 744 662 788 ac
693 747 976 802 posteritatem
1007 746 1253 800 promineat.
1316 743 1507 784 11Ιῆ111ωο
1538 743 1688 797 cuique
1721 741 1766 782 id

386 811 396 828 ‘
410 805 596 845 accidere
619 804 758 844 animo
779 811 938 843 certum
960 802 1105 850 habeo,
1127 810 1173 842 ut
1194 816 1235 841 56
1258 816 1343 840 11011
1365 816 1460 840 611111
1481 799 1766 855 praesentibus

386 867 397 884 ‘
411 861 548 909 modo,
566 861 639 900 sed
661 875 755 900 cum
778 859 912 899 omnis
933 859 1023 899 aevi
1043 858 1162 898 claris
1184 858 1292 907 viris,
1316 865 1568 912 comparent.
1633 855 1767 910 Equi-

386 923 398 941 ‘
414 917 510 957 dem
538 916 650 956 haud
677 915 903 963 dissimulo,
934 930 999 954 me
1029 923 1130 963 tuas,
1164 914 1217 961 Q.
1237 914 1351 962 Fabi,
1381 913 1524 953 laudes
1549 927 1635 953 non
1660 927 1768 952 asse-

387 973 485 1027 ‘qui
512 972 645 1012 solum
670 971 789 1019 velle,
812 971 898 1019 sed,
921 971 1050 1023 (bona
1074 971 1195 1011 venia
1223 979 1294 1011 tua
1321 969 1519 1023 dixerim)
1540 970 1572 1009 si
1599 969 1766 1024 possim,

388 1035 399 1052 ‘
416 1029 542 1069 etiam
564 1042 824 1082 exsuperare.
878 1027 990 1066 Illud
1007 1042 1084 1067 1166
1107 1027 1181 1067 tibi
1196 1027 1239 1066 in
1256 1042 1335 1074 me,
1353 1041 1437 1066 neu
1458 1026 1560 1066 mihi
1576 1026 1619 1065 111
1634 1026 1768 1065 1111110-
1781 1039 1801 1070 9

387 1091 399 1108 ‘
412 1085 525 1125 ribus
546 1093 646 1124 natu
669 1084 797 1124 animi
813 1084 877 1131 sit,
893 1092 939 1123 ut
960 1083 1151 1131 nolimus,
1171 1097 1424 1138 quemquam
1446 1083 1576 1123 nostri
1592 1082 1769 1122 similem

388 1142 587 1182 ‘evadere
619 1142 765 1180 civem.
827 1139 878 1180 Id
907 1140 1019 1180 enim
1047 1155 1133 1180 non
1162 1154 1305 1179 eorum
1332 1139 1470 1187 modo,
1493 1139 1643 1193 quibus
1664 1138 1770 1178 invi-

388 1204 400 1222 ‘
416 1198 612 1246 derimus,
636 1197 709 1237 sed
739 1196 1006 1252 reipublicae,
1029 1204 1072 1237 61
1092 1211 1224 1252 paene
1247 1196 1381 1237 01111115
1401 1196 1564 1251 generis
1582 1194 1768 1243 humani,

388 1261 399 1277 ⁶
413 1254 711 1295 detrimentum
728 1254 790 1293 sit.
854 1253 1221 1300 Commemoravit,
1236 1260 1439 1306 quantum
1454 1267 1584 1292 essem
1598 1250 1771 1306 periculi

389 1317 400 1334 ‘
416 1311 615 1359 aditurus,
639 1310 671 1349 si
694 1310 737 1349 in
760 1309 946 1348 Africam
970 1308 1223 1348 traiicerem:
1258 1316 1304 1348 111
1324 1322 1459 1348 meam
1481 1323 1662 1362 quoque,
1684 1321 1772 1348 non

390 1367 547 1407 ‘solum
578 1365 831 1421 reipublicae
852 1372 894 1405 et
919 1364 1139 1413 exercitus,
1161 1364 1295 1405 vicem
1320 1364 1532 1404 videretur
1558 1364 1768 1404 sollicitus.

390 1429 401 1447 ‘
421 1423 547 1463 Unde
569 1423 672 1462 haec
695 1430 867 1477 repente
898 1436 997 1461 cura
1017 1421 1069 1461 de
1092 1436 1157 1461 me
1187 1421 1363 1461 exorta?
1398 1420 1542 1467 Quum
1563 1428 1681 1475 pater
1699 1435 1772 1475 pa-

391 1485 403 1503 ‘
421 1489 620 1534 truusque
662 1494 779 1518 meus
821 1478 1041 1526 interfecti,
1084 1492 1214 1532 quum
1256 1477 1340 1517 duo
1381 1477 1588 1517 exercitus
1628 1491 1772 1517 eorum

391 1542 542 1591 ‘prope
580 1535 795 1575 occidione
827 1534 950 1574 occisi
981 1542 1130 1583 essent,
1163 1548 1294 1588 quum
1325 1534 1495 1574 amissae
1528 1533 1772 1588 Hispaniae,

391 1597 549 1646 ‘quum
586 1600 783 1645 quattuor
813 1590 1019 1630 exercitus
1050 1590 1302 1639 Poenorum,
1335 1599 1615 1645 quattuorque
1646 1589 1774 1630 duces

392 1648 560 1688 ‘omnia
600 1656 714 1686 metu
747 1647 952 1701 armisque
995 1655 1197 1694 tenerent,
1236 1661 1367 1701 quum
1403 1646 1614 1701 quaesitus
1646 1646 1699 1686 ad
1730 1645 1775 1685 id

393 1703 575 1744 ‘bellum
604 1703 827 1757 imperator
854 1717 978 1742 nemo
1006 1718 1048 1742 se
1081 1703 1330 1751 ostenderet,
1353 1711 1516 1757 praeter
1547 1718 1626 1752 me,
1649 1717 1773 1743 nemo

392 1766 403 1783 ‘
419 1759 604 1815 profiteri
625 1774 779 1798 nomen
800 1773 922 1798 ausus
944 1767 1062 1805 65561,
1081 1773 1211 1813 quum
1233 1759 1334 1797 1111111
1352 1768 1548 1812 quattuor
1564 1767 1605 1799 et
1626 1757 1774 1813 viginti

393 1822 404 1839 ‘
421 1830 552 1856 annos
573 1824 670 1855 nato
692 1814 908 1855 detulisset
940 1814 1160 1869 imperium
1188 1814 1368 1869 populus
1400 1815 1638 1863 Romanus3
1671 1813 1775 1869 quid

394 1873 477 1913 ‘ita
500 1880 589 1912 tum
618 1887 742 1911 nemo
773 1879 949 1911 aetatem
982 1885 1130 1919 meam,
1152 1871 1235 1911 vim
1264 1871 1458 1919 hostium,
1488 1870 1774 1911 difficultatem

394 1929 529 1977 ‘belli,
559 1928 685 1983 patris
712 1928 933 1982 patruique
961 1936 1173 1967 recentem
1201 1927 1361 1966 cladem
1392 1927 1774 1967 commemorabat?

394 1991 405 2008 ‘
423 1985 577 2025 Utrum
599 1984 729 2024 maior
750 1983 889 2037 aliqua
909 1998 1022 2023 1111116
1043 1983 1087 2022 in
1109 1983 1254 2023 Africa
1278 1983 1487 2023 calamitas
1508 1991 1678 2038 accepta
1698 1991 1771 2032 est,

393 2047 405 2065 ‘
418 2056 543 2096 quam
566 2048 665 2080 111116
680 2040 723 2080 111
747 2039 952 2095 Hispania
972 2040 1089 2079 erat?
1121 2039 1193 2079 An
1209 2040 1384 2080 maiores
1404 2054 1517 2080 nunc
1538 2048 1634 2080 sunt
1656 2054 1774 2080 exer—

393 2098 524 2138 ‘citus
552 2097 595 2137 in
627 2096 780 2145 Africa,
811 2096 938 2136 duces
968 2095 1108 2150 plures
1136 2096 1424 2151 melioresque,
1454 2111 1579 2151 quam
1604 2106 1705 2136 tunc
1729 2096 1773 2136 in

393 2160 405 2178 ‘
421 2153 626 2208 Hispania
644 2153 846 2193 fuerunt?
878 2152 951 2192 An
978 2160 1090 2192 aetas
1110 2167 1203 2192 mea
1223 2160 1323 2193 tunc
1352 2153 1552 2193 maturior
1570 2153 1680 2194 bello
1701 2167 1773 2208 ge-

394 2216 405 2234 ‘
420 2210 551 2250 rendo
571 2209 662 2257 fuit,
680 2224 806 2264 quam
827 2223 940 2249 1111116
961 2210 1052 2249 est?
1084 2209 1157 2248 An
1178 2224 1273 2249 cum
1298 2209 1634 2264 Carthaginiensi
1654 2209 1772 2249 hoste

393 2266 464 2306 ‘in
506 2265 723 2320 Hispania,
761 2280 887 2320 quam
926 2265 972 2304 in
1005 2264 1162 2314 Africa,
1197 2265 1352 2306 bellum
1393 2266 1481 2320 geri
1513 2266 1649 2321 aptius
1681 2265 1773 2306 est?

394 2328 406 2346 ‘
419 2322 556 2363 Facile
579 2330 652 2371 651,
673 2330 767 2376 post
787 2321 898 2361 fusos
924 2321 1170 2376 fugatosque
1193 2329 1389 2376 quattuor
1409 2323 1615 2363 exercitus
1642 2321 1774 2362 Puni-

395 2384 406 2403 ‘
422 2394 503 2429 605,
521 2386 614 2434 post
634 2386 696 2419 tot
711 2378 835 2419 urbes
850 2378 890 2418 vi
907 2386 1058 2433 captas,
1074 2386 1146 2419 aut
1161 2386 1278 2419 metu
1293 2379 1481 2420 subactas
1497 2379 1541 2419 in
1555 2379 1772 2428 ditionem,

435 2505 454 2535 8
476 2505 693 2542 Persunctum
717 2504 904 2541 honoribus]
935 2503 1059 2533 Vocem

391 2547 562 2577 honoribus
577 2556 673 2585 quam
693 2545 841 2584 Sigonius
859 2555 898 2575 ex
916 2549 1059 2575 veterum

392 2588 546 2619 librorum
562 2589 625 2618 fide
640 2587 787 2626 restituit,
802 2587 907 2617 omisit
920 2587 1060 2619 Bekker.

393 2630 457 2660 Sed
468 2631 676 2669 peoftmctum
692 2630 778 2659 nude
794 2633 825 2659 et
844 2630 990 2659 absolute
1007 2639 1061 2668 po-

392 2671 489 2700 situm
516 2671 568 2702 vix
594 2671 831 2702 admittendum
857 2681 925 2701 esse
951 2674 1059 2702 censet

393 2712 532 2743 Crevier.

435 2762 455 2791 9
478 2755 552 2783 Neu
581 2755 659 2783 mihi
687 2755 724 2783 in
752 2755 928 2785 minoribus
957 2756 1057 2792 natu]

395 2793 469 2824 Hoc
493 2804 592 2832 genus
611 2795 763 2833 loquendi
784 2796 871 2827 haud
885 2805 956 2827 raro
971 2797 1059 2836 apud

1104 2506 1248 2534 nostrum
1285 2504 1465 2544 legentibus
1501 2505 1694 2535 obversatur.
1733 2504 1774 2535 cf.

1103 2556 1189 2585 supr.
1208 2546 1250 2576 iii.
1271 2553 1318 2586 17.
1342 2557 1370 2578 v.
1393 2546 1441 2586 36.
1466 2546 1529 2577 viii.
1552 2555 1601 2585 31.
1646 2546 1773 2576 Eodem

1104 2588 1202 2618 modo
1219 2589 1334 2626 facere
1360 2590 1397 2618 in
1422 2590 1530 2629 aliquo
1556 2597 1613 2627 pro
1638 2587 1671 2616 in
1699 2597 1773 2618 eum

1106 2633 1256 2667 statuere,
1285 2630 1357 2661 infr.
1380 2630 1488 2662 xxxiv.
1517 2639 1566 2669 32·
1624 2631 1774 2660 Μὶηονεε

1103 2672 1342 2702 emendandum
1387 2676 1495 2702 censet
1537 2671 1676 2703 Crevier.
1716 2671 1771 2700 sed

1104 2714 1271 2746 Drakenb.
1287 2713 1320 2745 in
1341 2714 1533 2745 sententiam
1553 2713 1621 2744 eius
1639 2711 1771 2743 minime

1103 2755 1237 2787 accedit.
