1871 3178
486 110 609 151 LIB.
646 109 810 150 XXIV.
858 109 1000 150 CAl’.
1037 116 1101 150 2().
1404 116 1479 152 195

107 201 236 242 duum
271 201 444 241 millium
482 201 804 257 Campanorum,
834 211 869 241 ct
907 201 1263 256 septingentorum
1302 202 1477 242 militum
1498 210 1590 240 Ιῐ.(’“.
1616 210 1683 246 5!ss-

107 258 354 299 Hannibalis
387 260 602 300 tenebatur
632 258 846 314 praesidio.
910 258 1102 298 Praeerat
1130 259 1282 299 Statius
1310 254 1684 324 M‹eti11s,j†,5'‘.³y²(¹„⁴·

75 331 90 352 2
106 317 251 357 missus
272 317 323 357 ab
348 317 426 357 Cn.
448 317 592 371 Magio
615 316 834 357 Atellano:
869 316 938 371 qui
969 331 1018 356 eo
1043 331 1152 356 anno
1176 306 1616 366 Medixtutieus,jiifii'fss
1632 306 1672 363 „if

104 382 204 423 erat,
233 374 480 429 servitiaque
512 384 553 414 et
585 373 747 429 plebem
781 373 1012 428 promiscue
1046 374 1240 422 armabat,
1271 383 1316 413 ut
1348 380 1578 414 castra-idot-

105 430 298 472 Romana
342 431 567 477 invaderet,
611 431 772 471 intento
818 430 986 471 consule
1033 431 1083 471 ad
1129 430 1359 471 Casilinum
1407 447 1479 482 op—

101 489 386 544 pugnandum.
450 488 568 528 Nihil
588 502 730 529 corum
754 487 925 528 Fabium
947 488 1102 529 fefellit.
1157 488 1302 543 Itaque
1327 488 1477 529 Nolam

73 545 155 588 3ad
187 546 388 601 collegam
422 546 560 595 mittit,
594 544 749 585 ‘altero
780 545 977 594 exercitu,
1011 545 1111 586 dum
1143 545 1373 586 Casilinum
1406 561 1479 601 op-

105 608 349 659 ‘pugnatur,
372 618 475 659 opus
496 618 595 651 esse,
618 602 690 657 qui
715 602 939 658 Campanis
960 612 1204 658 opponatur.
1269 603 1348 643 Vel
1378 604 1476 658 ipsc,

104 656 272 702 ‘relicto
302 660 435 701 Nolae
458 659 661 715 praesidio
683 660 859 708 modico,
878 660 1060 700 veniret:
1093 661 1172 709 vel,
1195 661 1226 701 si
1249 676 1344 701 eum
1370 661 1479 702 Nola

104 723 304 767 ‘tenerct‚
336 727 377 758 et
407 717 587 758 necdum
618 732 784 757 securae
811 733 873 757 rcs
904 718 954 757 ab
988 717 1223 759 Hannibale
1255 728 1402 765 essent,
1435 735 1476 759 se

103 780 115 798 ⁶
132 775 197 816 Ti.
219 775 456 815 Gracchum
478 774 764 830 proconsulem
782 791 806 815 a
831 775 1070 815 Benevento
1088 776 1341 816 acciturums
1385 776 1477 816 Uo<-
1494 784 1665 813 Mart-olla<

101 833 250 873 nuntio
272 832 508 880 BIarcellus,
531 831 694 872 duobus
722 832 899 872 militum
924 832 1102 873 millibus
1133 833 1265 874 Nolae
1290 834 1328 873 in
1360 849 1476 888 prae·
1489 827 1680 898 ‘[‘{‘lff¹{¹.¹t‘'¹¹¹¹¹

101 889 206 930 sidio
227 889 391 937 relictis,
414 904 506 929 cum
537 898 675 929 cetero
700 890 885 930 exercitu
917 890 1146 930 Casilinum
1173 891 1300 939 venit,
1323 880 1590 941 a<lven·i‡f,}‡f
1611 880 1628 898 u

101 956 230 1001 tuque
259 947 348 987 eius
371 946 593 1002 Campani,
616 947 696 986 iam
726 956 939 987 moventes
967 963 1067 996 sese,
1091 949 1348 1003 quieverunt.
1417 949 1477 990 lta

100 1019 124 1044 a
150 1004 312 1045 duobus
339 1004 577 1045 consulibus
601 1003 832 1044 Casilinum
862 1006 1092 1060 oppugnari
1121 1015 1326 1061 coeptum.
1392 1006 1474 1047 Ubi

99 1076 230 1116 quum
250 1061 392 1110 multa,
411 1061 681 1102 succedentes
703 1070 857 1102 temere
879 1063 1108 1112 moenibus,
1129 1063 1307 1104 Romani
1326 1064 1476 1104 milites

98 1119 335 1174 acciperent
351 1119 533 1167 vulnera,
552 1134 688 1174 neque
709 1119 805 1159 satis
827 1120 1002 1174 inceptis
1018 1120 1277 1168 succederem
1314 1120 1474 1170 Fabius,

68 1176 372 1219 4omittendam
401 1191 486 1216 rem
509 1191 673 1231 parvam
697 1192 743 1216 ac
769 1176 883 1216 iuxta
906 1177 1064 1231 magnis
1092 1177 1314 1226 difficilem,
1337 1179 1476 1219 absce-

98 1232 369 1287 dendumque
407 1233 503 1273 inde
540 1233 745 1281 censebat,
781 1248 909 1288 quum
945 1249 1008 1274 res
1049 1235 1221 1275 maiores
1263 1235 1472 1276 instarent.

100 1289 338 1338 Marcellus,
363 1289 521 1330 ‘multa
550 1290 708 1344 magnis
729 1290 903 1330 ducibus
932 1291 1039 1331 sicut
1068 1307 1151 1331 non
1183 1293 1473 1347 aggredienda,

70 1347 183 1390 5‘ita
212 1347 339 1387 semel
369 1347 566 1402 aggressis
597 1362 681 1387 non
710 1347 959 1388 dimittenda
986 1349 1099 1397 esse,'
1129 1345 1320 1399 dicendo,
1352 1351 1475 1405 ‘quia

101 1409 114 1428 ⁶
125 1419 275 1459 magna
291 1405 422 1445 famae
440 1413 650 1445 momenta
666 1404 709 1444 in
727 1413 944 1460 utramque
961 1415 1119 1461 partem
1136 1406 1310 1456 fierent,⁷
1327 1408 1473 1455 tenuit,

99 1476 153 1502 ne
194 1462 310 1502 irrito
350 1461 516 1517 incepto
549 1461 741 1502 abiretur.
804 1461 964 1502 Vineae
1001 1463 1099 1503 inde
1137 1464 1358 1519 omniaque
1396 1465 1474 1506 alia

99 1534 272 1574 operum
304 1519 741 1573 machinationumque
782 1533 934 1574 genera
969 1535 1099 1575 quum
1140 1521 1471 1571 admoverentur,

102 1575 393 1631 Campanique
416 1576 588 1616 Fabium
605 1584 782 1624 orarent,
799 1585 844 1616 ut
860 1576 971 1617 abire
992 1577 1181 1633 Capuam
1206 1587 1293 1620 tuto
1307 1579 1471 1621 liceret:

98 1634 241 1689 paucis
261 1633 444 1688 egressis,
468 1632 692 1673 Marcellus
712 1641 886 1688 portam,
905 1649 987 1689 qua
1003 1635 1334 1687 egrediebantur,
1353 1653 1475 1678 occu-

98 1691 224 1746 pavit,
253 1690 482 1745 caedesque
516 1690 748 1746 promiscue
780 1691 967 1732 omnium
1000 1688 1108 1733 circa
1137 1703 1297 1748 portam
1327 1696 1473 1750 primo,

99 1748 264 1797 deinde,
299 1747 528 1803 irruptione
560 1747 680 1796 facta,
714 1748 839 1789 etiam
875 1749 918 1789 in
955 1750 1054 1790 urbe
1091 1750 1181 1791 fieri
1217 1762 1365 1808 coepta
1399 1762 1471 1794 est.

102 1805 420 1860 Quinquaginta
466 1804 551 1845 fere
592 1805 726 1860 primo
773 1807 924 1860 egressi
973 1806 1297 1863 Campanorum,
1344 1826 1472 1866 quum

98 1862 152 1903 ad
197 1862 372 1903 Fabium
418 1862 711 1918 confugissent,
760 1863 965 1918 praesidio
1006 1865 1094 1905 eius
1145 1865 1335 1922 Capuam
1381 1883 1474 1923 per-

97 1928 311 1961 venerunt.
395 1918 639 1969 Casilinum,
681 1920 791 1960 inter
834 1921 1041 1977 colloquia
1080 1924 1472 1981 cunctationemque
1486 1929 1660 1960 Casilinum

97 1977 331 2032 petentium
367 1977 506 2026 fidem,
540 1992 614 2033 per
653 1977 912 2019 occasionem
952 1988 1119 2034 captum
1156 1990 1227 2022 est.
1293 1982 1472 2038 Captivi,
1486 1977 1625 2011 captum.

98 2034 255 2089 quique
292 2034 614 2090 Campanorum,
647 2035 803 2090 quique
840 2035 1089 2078 Hannibalis
1123 2038 1302 2079 militum
1343 2050 1472 2089 crant,

100 2090 279 2132 Romam
314 2092 438 2140 missi,
473 2101 599 2147 atque
636 2092 692 2132 ibi
733 2093 776 2132 in
816 2108 976 2134 carcere
1014 2094 1159 2135 inclusi
1193 2106 1312 2136 sunt:
1355 2099 1473 2153 oppi-

98 2147 301 2189 danorum
325 2149 445 2189 turba
465 2164 539 2204 per
559 2149 756 2191 finitimos
776 2150 952 2206 populos
973 2151 1016 2191 in
1037 2153 1266 2193 custodiam
1288 2154 1427 2196 divisa.

159 2205 323 2253 Quibus
344 2206 490 2247 diebus
511 2222 534 2246 a
553 2206 750 2257 Casilino,
768 2222 810 2248 re
832 2208 939 2249 bene
955 2218 1081 2264 gesta,
1104 2225 1308 2251 recessum
1330 2222 1402 2262 est,
1426 2213 1473 2253 iis
1549 2217 1613 2253 20.

102 2261 316 2303 Gracchus
344 2263 387 2303 in
417 2264 597 2304 Lucanis
624 2264 783 2318 aliquot
813 2265 1013 2315 cohortes,
1036 2267 1078 2306 in
1107 2282 1155 2308 ea
1186 2269 1352 2324 regione
1375 2286 1473 2311 con-

99 2318 281 2373 scriptas,
299 2334 393 2360 cum
407 2321 613 2375 praefecto
627 2322 829 2362 sociorum
847 2322 889 2362 in
907 2338 1024 2377 agros
1037 2323 1217 2365 hostium
1232 2327 1472 2381 praedatum

100 2375 222 2416 misit.
285 2375 368 2416 Eos
389 2377 517 2417 effuse
542 2378 699 2432 palatos
728 2378 884 2419 Hanno
905 2376 1083 2429 adortus,
1106 2381 1218 2422 haud
1246 2384 1376 2423 multo
1398 2385 1472 2424 mi·
1487 2398 1525 2427 In
1544 2398 1680 2428 Lucam<v

100 2447 257 2481 norem,
291 2448 416 2487 quam
457 2433 509 2473 ad
551 2434 839 2475 Beneventum
880 2448 1106 2492 acceperat,
1143 2439 1325 2480 reddidit
1365 2441 1617 2512 hosti³¹¹⁰⁰3²1st³1

1486 2494 1501 2512 C
1517 2494 1544 2512 11(
1560 2495 1600 2512 (¹⁵⁴.

143 2612 159 2632 ε
183 2603 433 2640 Aledia‘tutz'cus]
469 2602 618 2633 Summus
634 2604 766 2643 Capuae
852 2617 871 2643 4
886 2607 907 2635 I
909 2611 985 2635 tarta
1003 2609 1139 2645 mannis]
1156 2609 1266 2647 Aeque
1281 2620 1318 2640 ac
1335 2620 1472 2647 magnas.

100 2644 309 2684 magistratus.
341 2645 378 2675 cf.
395 2655 480 2684 supr.
496 2645 584 2676 xxiii.
603 2654 650 2685 35.
810 2647 914 2677 Ciu-zv.
1387 2643 1402 2651 2

144 2697 162 2726 3
184 2688 238 2717 Ad
260 2689 405 2726 colleyam
430 2689 536 2723 mittit,
559 2689 657 2719 altero
679 2700 766 2719 ewer-
859 2698 874 2728 5
903 2691 985 2726 Quia
1018 2702 1131 2730 magum
1159 2693 1272 2730 fimme
1300 2700 1470 2735 momenta]

101 2730 167 2759 citu
190 2753 197 2760 .
214 2753 222 2760 .
239 2753 246 2760 .
264 2753 271 2760 .
294 2741 373 2769 opus
395 2731 476 2767 esse]
518 2730 619 2760 Mittit
651 2731 767 2765 literas,
812 2731 893 2761 Tam
918 2733 949 2761 in
974 2734 1088 2763 bonam
1114 2739 1248 2773 partem,
1265 2737 1288 2766 si
1308 2748 1355 2768 res
1375 2742 1471 2770 semel

101 2771 216 2810 quibus
238 2773 387 2802 monebat
412 2773 566 2811 collegam
590 2774 690 2802 altero
714 2783 765 2802 ex-
810 2780 957 2813 suscepta
975 2775 1180 2815 obtineretur,
1195 2788 1289 2816 quam
1308 2780 1338 2810 in
1355 2783 1472 2812 malam

102 2814 202 2844 ercitu
231 2825 311 2853 opus
342 2825 418 2844 esse.
453 2815 527 2845 vid.
554 2815 690 2845 similem
723 2816 765 2845 lo-
811 2816 835 2846 si
852 2817 1073 2849 dimitteretur.
1099 2819 1221 2851 Riscn.

103 2856 220 2893 quendi
235 2857 378 2891 modum,
394 2867 478 2896 supr.
496 2857 557 2888 viii.
575 2867 623 2896 23.
647 2858 751 2888 CREV.

1176 2911 1244 2944 02
