1877 3178
334 82 417 121 264
836 78 984 120 ΤΙΤΙ
1025 77 1202 119 LIVII

131 178 176 210 U.
192 178 230 210 C.
253 186 324 218 540·
335 170 450 212 venti
484 184 676 226 superare
711 184 808 210 eum
840 169 1085 225 Pachynum
1120 168 1404 224 prohibebant.
1466 167 1706 209 Bomilcaris

130 223 169 253 A.
193 222 231 253 C·
253 230 324 252 ²¹²·
337 227 550 277 adventus,
586 227 693 268 fama
731 227 877 282 primo,
918 226 1016 267 dein
1055 234 1217 281 praeter
1256 240 1370 280 spem
1411 239 1535 274 mora,
1577 239 1707 280 quum

337 284 535 341 gaudium
576 292 617 325 et
661 293 818 324 metum
863 284 906 323 in
946 283 1077 323 vicem
1118 282 1318 323 Romanis
1361 280 1706 337 Syracusanisque

338 342 616 398 praebuisset3
661 341 869 397 Epicydes
905 350 1105 388 metuens,
1143 355 1207 388 ne,
1245 341 1277 379 si
1312 347 1532 394 pergerent
1566 338 1738 386 iidem,7

339 399 411 454 qui
439 408 526 439 tum
556 399 764 446 tenebant,
788 398 837 438 ab
859 406 951 437 ortu
976 397 1071 437 solis
1091 397 1188 437 flare
1216 411 1290 451 per
1310 396 1398 436 dies
1424 395 1562 450 plures
1582 395 1706 443 venti,

339 456 476 497 classis
497 455 657 496 Punica
678 455 861 495 Africam
883 463 1098 510 repeteret,
1122 453 1271 494 tradita
1290 452 1530 493 Achradina
1555 466 1710 492 merce-

340 513 547 553 nariorum
570 512 747 552 militnm
770 512 956 559 ducibus,
979 511 1031 551 ad
1054 511 1327 551 Bomilcarem
1352 509 1527 564 navigat.
1592 507 1740 549 Clas-8

341 585 425 610 sem
444 570 484 610 in
503 570 676 609 statione
694 584 809 609 versa
829 569 870 608 in
892 569 1073 608 Africam
1096 568 1329 615 habentem,
1348 576 1471 621 atque
1495 566 1710 606 timentem

341 626 483 667 navale
512 626 728 681 proelium,
750 641 834 666 non
863 635 945 666 tam
966 625 1078 680 quod
1106 625 1239 680 impar
1258 624 1412 664 viribus
1440 631 1510 663 aut
1537 637 1711 662 numero

341 684 508 724 navium
541 692 658 731 esset,
688 684 862 738 <quippe
896 683 1019 723 etiam
1052 682 1188 737 plures
1220 680 1416 733 habebat)
1443 695 1567 735 quam
1598 678 1713 734 quod

341 741 454 782 venti
481 741 658 795 aptiores
681 740 907 788 Romanae,
931 754 1054 794 quam
1082 754 1191 787 suae,
1214 738 1328 779 classi
1353 738 1510 786 flarent,
1532 735 1713 792 perpulit

343 797 524 846 tandem,
548 806 593 837 ut
614 798 819 838 fortunam
842 796 995 837 navalis
1017 795 1249 837 certaminis
1270 794 1448 850 experiri
1470 793 1603 834 vellet.
1657 792 1713 833 Et

344 854 580 903 Marcellus,
604 869 733 909 quum
755 862 796 894 et
820 853 1005 894 Siculum
1027 853 1254 893 exercitum
1279 867 1331 892 ex
1358 860 1443 892 tota
1463 850 1594 891 insula
1615 865 1714 890 con-

343 911 416 952 ciri
443 910 614 960 videret,
648 920 690 951 et
721 925 816 951 cum
851 910 1009 966 ingenti
1043 919 1274 950 commeatu
1309 908 1478 949 classem
1511 907 1715 948 Punicam

343 968 576 1016 adventare,
600 983 652 1008 ne
683 967 805 1008 simul
837 975 943 1007 terra
975 967 1158 1021 marique
1192 965 1372 1006 inclusus
1402 965 1501 1005 urbe
1532 963 1713 1004 hostium

343 1033 569 1079 urgeretur,
588 1039 826 1079 quanquam
848 1024 980 1079 impar
1000 1038 1171 1063 numero
1193 1023 1359 1063 navium
1380 1031 1478 1069 erat,
1496 1020 1714 1077 prohibere

344 1081 459 1121 aditu
497 1080 788 1136 Syracusarum
821 1080 1095 1120 Bomilcarem
1131 1079 1355 1119 constituit.
1416 1079 1537 1118 Duae
1570 1077 1715 1118 classes

344 1137 514 1178 infestae
541 1137 647 1178 circa
672 1137 998 1192 promontorium
1020 1136 1264 1192 Pachynum
1292 1136 1465 1183 stabant,
1488 1135 1558 1175 ubi
1582 1134 1716 1189 prima

344 1194 619 1249 tranquillitas
642 1195 762 1234 maris
782 1194 826 1234 in
847 1193 973 1234 altum
992 1193 1204 1241 evexissct,
1223 1207 1505 1232 concursurae.
1554 1191 1713 1245 Itaque,
1727 1208 1746 1239 9

344 1251 518 1292 cadente
554 1251 634 1291 iam
673 1251 798 1300 Euro,
831 1251 902 1305 qui
938 1266 1012 1305 per
1046 1250 1134 1290 dies
1170 1249 1326 1305 aliquot
1361 1249 1570 1296 saevierat,
1607 1247 1718 1303 prior

345 1307 553 1349 Bomilcar
573 1308 725 1349 movit:
759 1308 876 1348 cuius
903 1308 1036 1363 prima
1063 1307 1197 1348 classis
1224 1315 1364 1362 petere
1386 1305 1515 1346 altum
1537 1305 1622 1345 visa
1642 1312 1716 1353 est,

346 1380 428 1420 quo
449 1365 607 1405 facilius
629 1375 839 1420 superaret
859 1365 1199 1420 promontorium.
1264 1363 1476 1412 Ceterum,
1498 1370 1717 1417 postquam

347 1422 516 1462 tendere
548 1422 600 1462 ad
631 1438 672 1462 se
707 1422 915 1462 Romanas
946 1437 1069 1462 naves
1099 1421 1213 1469 vidit,
1240 1421 1442 1461 incertum
1474 1435 1555 1475 qua
1583 1418 1718 1458 subita

347 1479 512 1519 territus
539 1494 595 1527 re,
620 1479 827 1519 Bomilcar
847 1478 936 1520 vela
957 1479 1000 1519 in
1021 1478 1149 1519 altum
1171 1478 1299 1526 dedit,
1323 1478 1536 1531 missisque
1562 1475 1718 1516 nuntiis

349 1535 609 1584 Heracleam,
633 1537 704 1590 qui
736 1536 940 1576 onerarias
970 1545 1078 1576 retro
1108 1536 1151 1575 in
1174 1535 1358 1575 Africam
1388 1542 1572 1589 repetere
1603 1533 1746 1572 iube-1

347 1601 452 1641 rent,
482 1592 581 1647 ipse,
613 1592 795 1633 Siciliam
830 1601 1145 1648 praetervectus,
1178 1592 1406 1632 Tarentum
1442 1591 1556 1646 petit.
1619 1589 1720 1644 Epi-

348 1649 485 1705 cydes,
520 1664 543 1689 a
579 1658 693 1689 tanta
727 1659 896 1704 repente
928 1649 1150 1689 destitutus
1185 1665 1269 1703 spe,
1302 1664 1353 1690 ne
1386 1648 1428 1688 in
1459 1647 1719 1688 obsidionem

348 1721 498 1761 magna
522 1721 573 1746 ex
601 1715 716 1761 parte
745 1715 887 1762 captae
917 1706 1027 1745 urbis
1054 1706 1218 1753 rediret,
1242 1706 1520 1760 Agrigentum
1541 1703 1718 1758 navigat,

349 1772 658 1818 exspectaturus
691 1762 819 1817 magis
851 1770 1058 1810 eventum,
1093 1777 1217 1817 quam
1248 1762 1344 1802 inde
1377 1762 1599 1817 quicquam
1632 1775 1720 1800 mo-

349 1829 474 1862 turus.

410 1876 528 1924 Quae
555 1877 626 1917 ubi
651 1876 693 1916 in
719 1884 849 1916 castra
878 1875 1109 1916 Siculorum
1139 1882 1235 1915 sunt
1261 1874 1462 1922 nuntiata,
1488 1873 1719 1928 Epicydem

353 1933 561 1989 Syracusis
581 1934 814 1982 excessisse,
837 1948 860 1973 a
883 1932 1291 1987 Carthaginiensibus
1318 1931 1501 1972 relictam
1529 1930 1718 1978 insulam,

350 2000 392 2030 et
417 2006 544 2046 prope
573 1991 721 2031 iterum
745 1990 944 2030 Romanis
971 1989 1189 2036 traditam3
1222 1988 1377 2043 legatos
1398 1988 1449 2028 de
1471 1987 1750 2028 conditioni-2

350 2048 426 2088 bus
448 2047 662 2088 dedendae
685 2047 807 2096 urbis,
827 2046 1037 2102 explorata
1057 2047 1170 2103 prius
1190 2061 1264 2101 per
1284 2045 1488 2100 colloquia
1509 2044 1719 2085 voluntate

139 1369 303 1401 Proelium

140 1413 254 1442 navale
270 1413 321 1442 de-

139 1458 264 1485 trectat.

140 1597 304 1636 Epicydes

141 1640 291 1678 Agrigen-

138 1686 208 1712 tum
225 1681 301 1712 abit.

205 1875 271 1912 28.

142 2000 254 2040 Legati
270 2011 322 2030 ex-

142 2044 258 2074 ercitus
274 2043 319 2074 Si-

144 2086 287 2116 culorum
299 2086 338 2115 ad

146 2129 282 2159 Marcel-

144 2172 223 2202 lum.

352 2218 451 2247 ferme
477 2219 556 2247 flans
583 2221 719 2247 vexerat.
767 2218 882 2246 Auster
909 2226 1014 2246 neces·
1058 2227 1124 2245 cam
1141 2217 1320 2253 habentem]
1349 2216 1574 2252 Bomilcarem,
1591 2215 1643 2254 qui
1666 2216 1720 2246 ha-

352 2259 450 2289 sarius
480 2264 546 2289 erat
576 2259 766 2298 navigaturis
795 2260 834 2288 ab
862 2259 1015 2298 Pachyno

354 2301 532 2341 Syracusas
557 2302 661 2332 Cum.

399 2351 413 2382 7
430 2345 464 2373 Si
476 2349 646 2382 peryerent
662 2345 771 2381 iidem]
792 2343 879 2373 Hinc
897 2346 1016 2378 ventos,

354 2385 411 2415 nisi
428 2386 541 2415 mutati
558 2386 694 2423 fuerant,
710 2390 877 2424 postquam
896 2385 1016 2415 Bomil-

355 2438 407 2457 car
422 2429 462 2457 ad
477 2428 666 2467 Pachynum
684 2432 880 2466 pervenerat,
891 2428 931 2457 ab
947 2431 1017 2456 ortu

356 2480 418 2499 non
445 2471 484 2499 ab
508 2480 621 2500 occasu
646 2470 767 2500 flavisse
791 2470 950 2500 Crericrio
975 2469 1016 2498 vi-

356 2513 457 2542 detur.
512 2512 670 2551 Equidem
699 2512 854 2542 Punicam
886 2513 1017 2541 classem

357 2554 497 2583 Siciliam
528 2565 633 2584 versus
663 2555 823 2594 navigasse
852 2558 948 2592 atquc
977 2555 1017 2584 ad

358 2595 442 2629 litus,
466 2607 491 2626 e.
517 2607 545 2635 g.
571 2597 732 2635 Agrigenti
755 2597 928 2635 appulisse,
947 2607 1018 2626 ven-

358 2636 397 2665 tis
412 2638 451 2666 ab
468 2643 537 2667 ortu
556 2639 629 2668 solis
645 2639 804 2675 flantibus,
821 2639 1018 2675 crediderim,

360 2682 467 2723 ventos
483 2683 589 2709 tamen
605 2682 744 2717 cosdem,
760 2691 857 2719 quum
881 2682 921 2710 ad
945 2681 1019 2711 litus

359 2719 484 2748 Siclliae
516 2722 704 2760 Pachynum
736 2733 841 2752 versus
872 2723 1018 2761 navigare

358 2764 527 2798 oporteret,
544 2773 604 2792 non
622 2764 696 2793 satis
712 2774 875 2803 prosperos
890 2765 995 2794 fuisse.

401 2803 419 2831 8
436 2802 570 2833 Classem
585 2806 617 2833 in
629 2808 762 2836 statione
775 2817 866 2836 versa
881 2808 916 2836 in
927 2808 1017 2844 Afri-

1059 2259 1154 2287 hebat
1184 2259 1314 2287 classem
1346 2258 1376 2287 in
1407 2258 1543 2287 statione
1575 2268 1660 2288 versa
1688 2258 1721 2288 in

1060 2300 1221 2337 Africam3
1246 2301 1377 2330 classem
1404 2304 1540 2330 stantem
1568 2300 1666 2339 proris
1688 2300 1721 2330 in

1061 2343 1202 2372 Africam
1221 2343 1325 2379 versis,
1338 2346 1489 2381 tanquam
1507 2352 1543 2372 eo
1559 2342 1644 2372 brevi
1660 2346 1721 2373 tra-

1060 2385 1223 2415 iecturam.
1248 2386 1352 2415 CREV.

1103 2437 1121 2467 9
1146 2429 1187 2456 In
1214 2429 1312 2457 altum
1338 2428 1505 2465 evertisset]
1538 2426 1666 2457 Sivisset
1688 2426 1722 2456 in

1061 2470 1161 2499 altum
1178 2470 1279 2500 evehi.
1304 2469 1407 2500 CREv.

1107 2522 1117 2541 1
1144 2513 1241 2541 Retro
1260 2513 1295 2541 in
1310 2513 1455 2551 Africam
1478 2512 1633 2550 repetere]
1671 2511 1722 2541 Ad

1062 2555 1191 2583 verbum
1218 2559 1357 2592 repetere
1383 2553 1523 2592 suppleri
1549 2562 1639 2593 posse
1662 2554 1722 2583 iter

1061 2599 1170 2625 monet
1187 2596 1350 2627 Drakenb.
1379 2600 1463 2626 retro
1482 2599 1516 2625 ut
1536 2606 1619 2634 supr.
1636 2594 1721 2624 xxiv.

1067 2648 1112 2678 19.
1147 2643 1230 2668 retro
1252 2639 1344 2675 redit,
1366 2648 1409 2669 sc.
1432 2648 1524 2668 cursu
1545 2641 1627 2667 retro
1649 2645 1721 2665 con-

1063 2690 1161 2711 verse.

1105 2732 1120 2753 2
1145 2724 1266 2753 Iterum
1287 2723 1438 2752 Romanis
1459 2721 1623 2757 traditam]
1659 2720 1720 2749 Ite-

1061 2775 1143 2801 rum,
1160 2765 1233 2802 qnia
1247 2765 1373 2793 foedere
1390 2764 1430 2792 ad
1448 2764 1582 2801 Aegates
1603 2760 1722 2790 insulas

1060 2806 1125 2837 icto
1141 2806 1203 2835 iam
1220 2805 1336 2835 tradita
1350 2806 1452 2835 fuerat
1469 2802 1632 2834 Romanis.
1651 2803 1712 2835 CR.
