1871 3178
517 81 643 123 LIB.
676 80 820 123 XXV.
870 80 1013 122 CAP.
1047 83 1113 123 27.
1418 81 1499 120 263

122 182 192 216 aut
211 173 391 230 neglecti
413 173 662 230 desertique,
716 174 756 213 ui
778 171 1030 220 incidissent,
1053 178 1322 217 morerentur,
1345 178 1416 210 aut
1437 185 1499 210 as-
1514 177 1558 208 U.
1576 177 1614 207 (ἴ.
1637 185 1706 216 540-

122 232 303 273 sidentes
333 240 606 286 curantesque
638 190 783 271 eaiiem
809 230 846 270 vi
876 228 1007 269 morbi
1040 227 1218 283 repletos
1248 241 1389 267 secum
1418 236 1499 267 tra-
1515 221 1551 251 Α·
1575 222 1613 251 ‘³-
1636 229 1708 250 ²¹²·

121 289 295 330 herent:
329 287 655 344 quotidianaque
686 288 831 328 funera
859 295 901 327 et
931 300 1039 326 mors
1066 285 1119 325 ob
1148 283 1288 325 oeulos
1317 292 1435 331 esset,
1458 294 1500 324 et

122 346 309 401 undique
333 345 421 386 dies
442 355 666 401 noctesque
689 344 870 400 ploratus
891 343 1144 383 audirentur.
1206 341 1422 381 Postremo
1445 341 1501 381 ita.

122 403 387 444 assuetudine
411 403 505 443 mali
528 404 797 443 efferaverant
818 401 989 449 animos,
1008 409 1054 440 ut
1075 414 1159 439 non
1177 398 1301 439 modo
1322 397 1501 438 lacrimis

122 461 314 516 iustoque
336 460 590 515 comploratu
619 467 968 515 prosequerentur
995 466 1191 505 mortuOS,
1214 455 1286 496 sed
1308 470 1359 495 ne
1382 455 1504 495 effer-

123 527 217 558 rent
251 517 435 572 quidem,
472 525 542 557 aut
576 516 811 572 sepelirent,
848 515 1114 569 iacerentque
1150 522 1277 554 strata
1308 512 1502 553 exanima

123 590 295 631 corpora
315 575 358 615 in
380 582 604 630 conspectu
625 572 801 613 similem
822 581 997 613 mortem
1015 570 1369 627 exspectantium3
1394 584 1502 609 mor-

123 633 270 688 tuique
303 646 458 687 aegros,
480 631 591 686 aegri
612 629 780 678 validos,
804 644 934 684 quum
962 638 1089 677 metu,
1113 637 1201 669 tum
1234 628 1327 668 tabe
1356 642 1402 667 ac
1430 641 1503 681 pe-

123 689 263 730 stifero
298 689 423 730 odore
459 703 690 743 corporum,
728 688 1005 727 conficerent:
1051 694 1105 735 et,
1142 695 1189 726 ut
1222 686 1329 725 ferro
1365 684 1503 739 potius

124 755 395 794 morerentur,
441 745 611 801 quidam
651 744 903 785 invadebant
944 743 1019 784 soli
1064 743 1246 784 hostium
1292 742 1501 782 stationes.

125 803 266 844 Multo
292 811 428 843 tamen
451 802 510 842 vis
538 802 668 842 maior
692 802 817 857 pestis
840 801 1077 841 Poenorum
1103 811 1246 849 castra,
1269 814 1393 854 quam
1418 798 1504 838 Ro-
1518 802 1595 849 Qua
1610 802 1701 831 absu-

124 876 257 909 mana,
291 860 385 916 (diu
417 858 757 900 circumsedendo
793 859 1025 915 Syracusas,
1059 857 1175 898 coelo
1208 857 1409 913 aquisque
1443 871 1505 896 as-
1518 848 1713 916 fflgffisl‘ssffiffij

124 927 290 959 suerant
320 916 469 972 magis)
499 918 701 957 affecerat.
766 916 832 956 Ex
863 916 1044 956 hostium
1076 915 1262 956 exercitu
1295 913 1436 961 Siculi,
1459 921 1504 953 ut
1517 910 1588 960 cass

124 974 305 1031 primum
336 974 475 1015 videre
509 989 562 1014 ex
593 974 792 1030 gravitate
825 973 905 1014 loci
937 973 1096 1028 vulgari
1128 973 1305 1020 morbos,
1338 971 1381 1011 in
1414 986 1506 1011 suas

125 1032 301 1088 quisque
341 1032 596 1087 propinquas
632 1031 753 1072 urbes
789 1031 936 1086 dilapsi
971 1039 1078 1071 sunt.
1142 1030 1203 1070 At
1241 1028 1507 1083 Carthagini-

125 1105 258 1139 enses,
290 1090 440 1145 quibus
470 1104 676 1144 nusquam
712 1097 902 1143 receptus
938 1096 1036 1135 erat,
1071 1102 1166 1128 cum
1201 1086 1298 1142 ipsis
1331 1085 1507 1126 ducibus

127 1145 382 1202 Hippocrate
405 1154 528 1201 atque
553 1145 805 1193 Himilcone,
827 1145 879 1185 ad
900 1144 1229 1185 internecionem
1251 1158 1393 1183 omnes
1415 1156 1508 1197 per-

126 1204 275 1244 ierunt.
334 1203 569 1251 Marcellus,
593 1212 639 1243 ut
660 1211 774 1242 tanta
794 1202 855 1242 vis
885 1202 1105 1257 ingruebat
1134 1200 1243 1248 mali,
1267 1200 1507 1240 traduxerat

127 1261 172 1300 in
202 1261 348 1301 urbem
378 1275 496 1300 suos:
532 1260 776 1314 infirmaque
813 1274 985 1314 corpora
1020 1267 1128 1299 tecta
1163 1267 1205 1298 et
1240 1258 1409 1297 umbrae
1445 1271 1509 1296 re-

128 1325 376 1358 creaverant.
425 1315 553 1357 Multi
575 1325 714 1357 tamen
734 1331 786 1356 ex
804 1315 996 1357 Romano
1018 1315 1204 1356 exercitu
1225 1314 1371 1356 eadem
1391 1323 1507 1369 peste

129 1375 336 1430 absumpti
358 1382 465 1414 sunt.

186 1431 340 1473 Deleto
366 1431 545 1472 terrestri
567 1431 728 1472 Punico
756 1430 955 1479 exercitu,
981 1429 1122 1478 Siculi,
1146 1429 1218 1484 qui
1240 1428 1509 1484 Hippocratis
1586 1426 1651 1466 27.

99 1489 281 1530 4milites
301 1489 476 1538 fuerant,
499 1489 543 1528 in
570 1488 683 1528 haud
711 1503 861 1543 magna
888 1486 1053 1542 oppida,
1077 1495 1262 1527 ceterum
1290 1494 1332 1526 et
1359 1485 1438 1525 situ
1468 1493 1510 1525 et

131 1546 401 1587 munimentis
423 1553 522 1594 tuta,
545 1545 643 1601 (tria
663 1544 792 1585 millia
811 1544 987 1585 alterum
1012 1544 1063 1584 ab
1089 1543 1312 1600 Syracusis,
1335 1541 1509 1583 alterum

100 1603 372 1659 squindecim
400 1602 534 1656 abest)
562 1617 612 1642 eo
640 1610 682 1642 et
710 1610 964 1642 commeatus
985 1616 1007 1641 e
1029 1600 1263 1641 civitatibus
1290 1600 1374 1640 suis
1399 1614 1511 1639 com-

131 1660 362 1717 portabant,
385 1668 427 1700 et
448 1658 601 1700 auxilia
621 1659 892 1699 arcessebant.
936 1658 1103 1699 Interea
1120 1657 1340 1706 Bomilcar,
1359 1657 1511 1697 iterum
1525 1661 1643 1710 Classis
1658 1662 1721 1692 Pu-

132 1733 227 1759 cum
256 1717 380 1758 classe
408 1716 615 1772 profectus
640 1715 951 1772 Carthaginem,
973 1715 1032 1756 ita
1051 1715 1240 1771 exposita
1259 1714 1424 1755 fortuna
1448 1730 1513 1754 so·
1525 1716 1605 1735 mea.

132 1775 302 1823 ciorum,
331 1782 378 1815 ut
404 1789 519 1830 spem
546 1773 711 1823 faceret,
737 1788 823 1814 non
855 1773 954 1829 ipsis
986 1772 1109 1813 modo
1142 1772 1362 1813 salutarem
1389 1787 1512 1827 opem

116 1832 227 1873 —ferri
262 1846 393 1887 posse,
424 1831 498 1872 sed
532 1830 744 1871 Romanos
775 1846 942 1886 quoque
975 1830 1019 1870 in
1052 1838 1172 1885 capta
1204 1829 1513 1885 quodammodo

132 1889 233 1930 urbe
255 1889 359 1944 capi,
381 1888 574 1944 perpulit,
597 1896 644 1928 ut
664 1888 870 1929 onerarias
890 1902 1014 1928 naves
1035 1902 1160 1942 quam
1181 1887 1378 1943 plurimas
1399 1886 1513 1926 omni

132 1946 253 2002 copia
286 1961 423 1987 rerum
459 1953 626 1986 onustas
661 1960 801 1986 secum
842 1945 1068 1993 mitterent,
1105 1944 1361 1999 classemque
1397 1958 1512 1984 suam

134 2012 345 2060 augerent.
406 2003 553 2059 Igitur,
584 2011 753 2044 centum
785 2002 954 2058 triginta
983 2002 1156 2042 navibus
1185 2001 1319 2056 longis
1349 2010 1392 2041 et
1421 2015 1513 2055 sep-

135 2061 332 2116 tingentis
359 2061 554 2101 onerariis
584 2059 791 2115 profectus
821 2074 845 2099 a
875 2058 1143 2114 Carthagine,
1170 2058 1266 2099 satis
1296 2072 1513 2113 prosperos

105 2126 279 2159 6ventos
318 2118 371 2159 ad
410 2117 700 2158 traiiciendum
740 2117 784 2157 in
827 2115 1010 2157 Siciliam
1046 2115 1201 2156 habuit.
1267 2114 1351 2155 Sed
1386 2114 1512 2154 iidem

138 2270 187 2302 nis
222 2270 378 2301 exercitus
412 2272 611 2311 gravabatur,
641 2270 673 2301 id
703 2281 803 2311 genus

139 2314 225 2353 qnod
241 2313 374 2352 Angliee
396 2315 525 2344 measles
546 2314 740 2353 appellatur,
756 2314 803 2343 fu-

140 2357 201 2386 isse
224 2360 330 2385 censet
350 2355 483 2386 Niebhr.
500 2356 532 2386 ii.
548 2367 579 2386 n.
601 2355 687 2386 1126.
705 2366 803 2394 quum

142 2398 304 2429 Diodorus
315 2407 391 2427 voce
403 2396 575 2435 φλύκταινα
587 2397 696 2428 utitur.
719 2397 803 2428 Fieri

140 2444 249 2471 tamen
266 2443 381 2479 potest,
392 2444 427 2468 ut
443 2440 540 2478 pestis
556 2440 612 2469 illa
624 2449 705 2478 quae
717 2440 805 2478 apud

143 2483 242 2514 Indos
276 2482 500 2512 Occidentales
533 2481 667 2520 Anglice
697 2483 806 2520 yellow

135 2527 230 2564 sever
245 2524 438 2564 appellatur,
454 2528 485 2553 et
502 2533 583 2562 quae
599 2524 631 2552 in
648 2523 807 2562 Hispania

142 2568 183 2597 ad
203 2577 308 2597 arcem
325 2567 461 2605 Calpem
478 2566 639 2604 quondam
663 2565 808 2595 saeviisse

142 2609 218 2639 satis
239 2608 386 2645 creditur,
403 2608 453 2638 vel
476 2607 531 2637 illa
548 2618 629 2646 quae
651 2607 746 2637 hodie
768 2608 808 2637 ab

142 2651 248 2682 insula
268 2651 404 2690 Smyrna
425 2660 542 2680 nomen
566 2649 664 2686 ducit,
681 2654 711 2679 et
728 2659 809 2687 quae

144 2695 333 2733 plerumque
365 2692 494 2722 vomicis
531 2702 645 2731 corpus
681 2702 809 2731 aegrum

144 2740 251 2773 vexat,
284 2735 475 2775 gravioribus
509 2735 583 2764 anni
615 2734 812 2773 temporibus

145 2777 179 2809 in
202 2778 251 2808 his
273 2777 451 2817 regionibus
477 2777 649 2816 aliquando
671 2780 810 2814 grassata

146 2820 196 2851 sit.
227 2821 265 2852 cf.
281 2831 365 2860 supr.
381 2819 424 2852 iii.
437 2818 467 2857 6,
483 2826 508 2859 7.
524 2829 572 2859 32.
588 2819 627 2850 iv.
643 2828 691 2858 50.
712 2819 808 2849 Dion.

846 2271 889 2302 ix.
915 2281 964 2310 42.
992 2282 1023 2302 x.
1051 2280 1099 2311 53.
1135 2270 1234 2302 Diod.
1261 2270 1323 2301 Sic.
1351 2269 1418 2300 xiii.
1448 2279 1515 2306 114.

847 2324 911 2344 Xiv.
929 2324 979 2352 41.
997 2323 1046 2353 45.

895 2367 914 2393 4
936 2357 1040 2386 Haud
1066 2367 1183 2395 maymz
1207 2354 1340 2395 oppida]
1382 2353 1517 2392 Quippe

849 2398 1028 2429 Siculorum
1051 2398 1240 2435 πολίσματα,
1263 2398 1327 2427 sive
1350 2396 1518 2434 oppidula,

850 2440 881 2469 in
904 2440 984 2479 iugis
1006 2441 1176 2475 montium,
1194 2440 1248 2478 qui
1272 2440 1442 2478 Syracusas
1465 2438 1516 2467 de-

850 2486 1008 2520 spectant,
1021 2483 1125 2521 posita
1140 2482 1236 2512 fuisse
1252 2481 1338 2520 apud
1355 2479 1517 2518 Thucydi—

851 2525 924 2553 dem
942 2525 1085 2562 legimus.

901 2575 916 2604 5
940 2568 990 2595 Eo
1015 2571 1045 2596 et
1070 2566 1274 2602 commeatus]
1313 2565 1519 2604 Supervacua

852 2607 978 2637 videtur
1009 2609 1167 2647 particula
1196 2618 1239 2638 eo.
1297 2608 1339 2636 At
1374 2617 1518 2636 nonnun-

854 2660 949 2688 quam
965 2654 1051 2679 amat
1069 2650 1178 2680 Livius
1200 2650 1245 2680 ita
1262 2649 1361 2688 loqui..
1377 2654 1411 2678 ut
1429 2648 1517 2678 clari-

854 2692 912 2722 tati
928 2692 1051 2722 serviat.
1084 2693 1159 2722 vid.
1176 2703 1261 2732 supr.
1277 2691 1296 2722 i.
1314 2701 1360 2732 ¹9·
1373 2695 1406 2721 et
1422 2692 1470 2731 58.
1487 2694 1519 2721 et

854 2734 930 2764 alibi
947 2735 1082 2774 saepius.
1109 2735 1214 2766 CREv.

895 2776 915 2807 6
937 2778 999 2807 Sed
1012 2779 1104 2808 iidem
1121 2779 1223 2816 venti]
1249 2776 1442 2816 Carthagine
1459 2776 1518 2806 Pa-

855 2819 995 2859 chynum
1022 2824 1168 2859 petentes
1195 2824 1308 2850 ventus
1336 2820 1376 2849 ab
1406 2828 1519 2849 occasu
