1871 3178
540 93 664 135 LIB.
704 93 846 135 XXV.
898 92 1041 134 CAP.
1077 98 1143 135 30.
1447 98 1525 138 267

158 184 359 225 ‘obsideri
390 193 546 240 pergat,
573 201 698 241 quam
729 199 840 240 spem
874 199 959 225 esse
993 193 1101 224 terra
1130 184 1315 239 marique
1344 184 1641 225 (·laus‹)?’1T.C.
1664 203 1735 232 540-

157 241 302 283 Motus
323 242 385 282 his
408 242 604 291 Merieus,
627 258 755 298 quum
779 242 931 297 legatos
952 241 1004 281 ad
1027 240 1274 281 Marcellum
1304 241 1409 281 mitti
1443 242 1529 297 pla-
1543 236 1581 266 Α·
1605 238 1643 267 C.
1666 245 1735 266 ²¹²·

156 299 318 348 cuisset,
335 299 498 340 fratrem
523 300 628 340 inter
649 315 717 340 eos
739 300 885 339 mittit:
919 299 990 353 qui
1012 313 1086 353 per
1107 298 1287 339 cundem
1310 297 1425 337 illum
1451 298 1529 339 lli-

125 371 329 412 ssspanum
366 366 544 398 secretus
580 358 630 397 ab
666 357 754 397 aliis
786 356 838 396 ad
870 355 1117 396 Marcellum
1151 355 1367 404 deductus,
1400 371 1528 410 quum

155 413 279 454 fidem
320 415 553 470 accepisset,
587 413 965 469 composuissetque
1007 412 1190 468 agendae
1232 413 1290 453 rei
1324 412 1527 461 ordinem,

156 471 439 511 Achradinam
471 471 588 512 redit.
651 471 760 511 Tum
791 470 987 519 Moriens,
1011 479 1057 510 ut
1088 471 1139 510 al)
1169 470 1402 525 suspicione
1435 485 1530 525 pro-

155 528 325 568 ditionis
355 537 557 569 avcrteret
587 528 771 568 omnium
804 527 974 576 animos,
1004 536 1129 583 negat
1150 527 1251 567 ‘sibi
1274 527 1447 582 plaeere,
1471 527 1530 567 le-

157 591 295 640 ‘gatos
316 601 545 626 commeare
567 586 674 625 ultro
695 585 894 640 citroque,
918 600 1054 640 neque
1078 585 1360 640 recipiendum
1384 600 1529 640 quem-

156 648 319 698 ‘quam,
342 658 479 698 neque
501 642 773 683 mittendum:
809 650 863 690 et,
887 658 970 697 quo
992 643 1192 683 intentius
1213 642 1422 683 custodiae
1444 657 1528 682 ser-

123 705 340 749 9‘ventur,
364 708 595 755 opportuna
624 699 713 740 loca
740 699 965 740 dividenda
994 700 1212 755 praefectis
1240 714 1339 747 esse,
1364 708 1410 739 ut
1431 715 1526 739 snae

128 757 355 813 1‘quisque
391 757 515 812 partis
552 756 746 797 tutandae
783 772 875 797 reus
911 757 988 797 sit.’
1051 758 1209 797 Omnes
1245 757 1395 797 assensi
1432 765 1527 797 sunt
1541 767 1722 797 Achradina

124 815 337 870 apartibus
364 814 624 855 dividundis:
663 814 738 869 ipsi
772 814 886 869 regio
921 815 1060 855 evenit
1089 815 1140 855 ab
1172 814 1384 854 Arethusa
1413 810 1693 882 f‹›ntell¹s⁴“¹{t¹¹}'¹

155 887 285 927 usque
318 871 370 912 ad
405 871 555 912 ostium
588 871 726 927 magni
762 881 915 927 portus.
980 871 1030 912 Id
1066 880 1112 912 ut
1147 872 1299 912 scirent
1333 871 1524 919 Romani,
1542 854 1729 925 lelrrgzrgffiu

153 928 261 969 fecit.
309 928 456 984 Itaque
474 928 698 969 Marcellus
719 938 840 969 nocte
862 944 1009 970 navem
1031 929 1258 970 onerariam
1280 944 1373 969 curn
1396 944 1528 969 arma·
1543 938 1700 976 Hispano.

123 986 206 1027 3tis
227 986 408 1027 remulco
430 986 701 1042 quadriremis
732 986 837 1027 trahi
866 986 918 1026 ad
942 987 1222 1027 Achradinam
1249 986 1377 1035 iussit,
1401 1001 1530 1042 expo-

153 1043 281 1098 nique
313 1043 463 1084 milites
494 1043 660 1098 regione
691 1053 845 1099 portae,
869 1058 974 1098 quae
1005 1059 1135 1099 prope
1164 1044 1321 1084 fontem
1344 1044 1530 1085 Arethu—

155 1115 240 1141 sam
271 1109 342 1142 est.
405 1100 499 1141 Hoc
525 1116 655 1156 quum
686 1111 832 1156 quarta
860 1101 1001 1155 vigilia
1031 1101 1183 1142 factum
1215 1110 1333 1149 esset,
1366 1101 1529 1156 exposi-

156 1166 301 1213 tosque
337 1158 487 1198 milites
527 1167 656 1213 porta,
690 1167 736 1198 ut
771 1167 1032 1205 convenerat,
1065 1158 1284 1213 recepisset
1319 1157 1526 1206 Merieus;

155 1214 247 1255 lucc
280 1215 410 1270 prima
441 1214 664 1255 hiarcellus
694 1215 886 1255 omnibus
915 1215 1043 1270 copiis
1075 1215 1237 1255 moenia
1263 1215 1528 1256 Achradinae

156 1271 414 1327 aggreditur:
448 1272 505 1312 ita
534 1280 580 1311 ut
610 1286 694 1311 non
725 1287 794 1311 eos
824 1271 969 1321 solum,
997 1272 1067 1327 qui
1098 1272 1380 1312 Achradinam
1414 1281 1529 1313 tene—

156 1329 267 1377 bant,
291 1329 334 1369 in
355 1344 397 1369 se
419 1337 689 1377 converteret,
712 1328 784 1369 sed
804 1329 853 1368 al)
877 1328 990 1369 Naso
1012 1329 1136 1369 etiam
1162 1329 1327 1383 agmina
1353 1338 1530 1370 armato-

156 1401 248 1427 rum
279 1395 582 1435 concurrerent,
605 1386 757 1426 relictis
778 1386 1021 1426 stationibus
1043 1386 1137 1435 suis,
1161 1386 1212 1426 ad
1233 1387 1315 1426 vim
1337 1396 1379 1427 et
1400 1387 1529 1442 impe-

157 1452 246 1484 tum
283 1443 567 1483 Romanorum
603 1443 839 1484 arcendum.
907 1442 957 1482 In
992 1443 1070 1484 hoc
1107 1443 1288 1483 tumultu
1323 1444 1528 1484 actuariae

156 1515 291 1548 naves,
315 1500 536 1541 instructae
567 1499 648 1540 iam
676 1509 770 1540 ante
793 1500 1186 1555 circumvectaeque,
1209 1500 1261 1541 ad
1284 1500 1444 1541 Nasum
1465 1516 1529 1541 ar-

156 1567 287 1598 matos
308 1568 534 1612 exponunt,
561 1557 645 1612 qui,
668 1557 889 1612 improviso
910 1557 1042 1598 adorti
1064 1557 1310 1613 semiplenas
1331 1558 1529 1598 stationes

157 1624 199 1656 et
220 1614 430 1670 adapertas
451 1615 556 1655 fores
585 1622 740 1669 portae,
764 1629 846 1669 qua
875 1614 1013 1669 paullo
1043 1623 1139 1655 ante
1171 1623 1437 1656 excurrerant
1467 1630 1530 1655 ar·-

158 1672 270 1721 mati,
293 1671 404 1712 haud
432 1686 581 1726 magno
602 1671 826 1712 certamine
848 1670 1010 1712 Nasum
1036 1687 1196 1727 cepere,
1219 1672 1422 1713 desertam
1451 1681 1530 1713 tre-

156 1729 367 1785 pidatione
390 1737 432 1769 et
450 1728 547 1784 fuga
567 1728 797 1769 custodum.
860 1728 1012 1784 Neque
1044 1729 1137 1769 ullis
1168 1730 1305 1770 minus
1334 1729 1529 1785 praesidii

157 1794 229 1827 aut
242 1785 497 1841 >pertinaciae
519 1785 571 1826 ad
593 1786 859 1835 manendum,
883 1801 1007 1841 quam
1028 1786 1261 1842 transfugis,
1283 1787 1384 1828 fuit:
1418 1787 1528 1842 quia,

156 1858 209 1884 ne
231 1843 314 1883 suis
336 1843 504 1898 quidem
535 1843 630 1883 satis
651 1843 866 1884 credentes
888 1859 943 1893 se,
966 1843 1104 1884 medio
1126 1844 1350 1885 certamine
1373 1845 1530 1900 effuge-

156 1908 264 1941 runt.
327 1899 551 1941 Marcellus
576 1909 622 1941 ut
649 1910 810 1956 captam
832 1916 918 1941 esse
942 1900 1102 1942 Nasum
1123 1901 1282 1951 didicit,
1305 1910 1347 1943 et
1368 1902 1531 1942 Achra-

157 1957 280 1998 dinae
310 1957 522 2013 regionem
552 1973 678 1998 unam
709 1958 853 2007 teneri,
877 1957 1170 2015 Mericumque
1199 1974 1294 1999 cum
1324 1960 1531 2015 praesidio

865 2116 953 2147 mille
976 2116 1055 2147 aliis.
1101 2117 1144 2147 Et
1162 2127 1233 2147 vero
1253 2115 1394 2147 Mericus
1415 2116 1531 2147 dicitur

865 2158 935 2189 infr.
955 2159 1041 2190 xxvi.
1061 2169 1108 2190 21.
1130 2170 1193 2189 uon
1210 2159 1437 2196 Achradinam,
1454 2169 1529 2198 quo-

204 2114 223 2144 8
245 2116 390 2146 Secretzts
416 2116 454 2145 ab
480 2117 569 2154 aliis]
606 2116 754 2146 Secretbn
781 2125 820 2145 ex

160 2156 330 2187 coniectur.
348 2157 487 2188 Gronov.
503 2158 642 2197 reposuit
659 2158 798 2188 Bekker.

201 2209 220 2238 9
237 2200 425 2238 Opportuna
441 2201 523 2238 loca]
543 2199 755 2231 Consentiunt
770 2200 821 2230 hic

159 2250 285 2279 quoque
308 2242 415 2281 scripti
439 2242 470 2272 in
494 2243 670 2272 omittendo
686 2244 729 2280 τῷ
744 2244 821 2273 loca.

161 2282 287 2312 Iudieet
316 2284 414 2313 lector
442 2288 548 2314 utrum
572 2290 750 2324 opportuna
777 2285 820 2314 sie

159 2324 245 2354 nude
261 2324 322 2354 diei
339 2325 444 2364 possit.

159 2370 224 2396 nat.
249 2366 353 2397 CREV.

160 2409 216 2439 let.

207 2460 218 2480 1
241 2452 343 2488 Reus]
361 2452 447 2481 Reus
462 2452 521 2481 hoc
537 2453 606 2482 loeo
622 2452 822 2492 intelligitur,

161 2492 215 2531 qui
231 2492 421 2531 obligatione
442 2497 594 2525 teneatur.
624 2495 662 2525 cf.
679 2504 763 2534 supr.
779 2495 821 2525 ix.

486 2326 589 2356 Nobis
604 2327 635 2356 id
652 2327 760 2356 durius
775 2337 821 2356 so-

398 2367 535 2399 Bekker.
556 2372 663 2398 tamen
683 2370 749 2399 loca
770 2370 821 2399 de-

208 2586 223 2606 2
249 2577 300 2607 Ab
328 2578 491 2608 Arethusa
519 2579 612 2616 fonte
648 2589 747 2619 usque
783 2581 825 2609 ad

161 2620 271 2649 ostium
302 2621 409 2659 maym'
437 2621 565 2659 portus]
608 2620 673 2650 Hic
700 2621 823 2651 ridetur

162 2661 347 2691 dormitasse
377 2661 495 2692 Livius.
550 2663 709 2692 Arethusa
739 2663 823 2693 enim

162 2704 231 2734 fons
256 2704 335 2733 nihil
359 2705 398 2734 ad
422 2705 637 2734 Achradinam
661 2705 823 2744 pertinuit,

160 2746 216 2776 sed
237 2750 283 2776 est
307 2746 338 2776 in
362 2750 504 2776 extrema
528 2747 650 2783 Insula,
669 2751 748 2777 teste
772 2748 823 2778 Ci-

160 2798 274 2818 cerone
297 2789 328 2818 in
350 2789 440 2819 Verr.
460 2789 500 2819 iv.
523 2790 589 2819 118.
613 2794 644 2819 et
668 2790 821 2820 Strabone

162 2830 201 2861 vi.
225 2841 256 2870 p.
278 2838 347 2872 270.
364 2835 396 2862 et
413 2831 523 2871 Virgil.
541 2832 620 2863 Aen.
639 2831 682 2862 iii.
701 2831 773 2872 696.
790 2836 821 2863 et

865 2202 960 2231 modo
984 2202 1035 2232 hie
1057 2208 1211 2235 narratur,
1227 2202 1280 2231 sed
1305 2202 1442 2237 Nasum,
1465 2202 1530 2231 sive

868 2244 1023 2281 Insulam,
1048 2244 1228 2283 prodidisse.
1276 2244 1372 2274 Unde
1396 2254 1460 2274 non
1484 2244 1529 2273 in-

864 2285 944 2316 iuria
967 2287 1067 2325 arguit
1092 2286 1218 2316 Livium
1244 2286 1437 2322 Perizonius,
1453 2286 1528 2316 Ani-

865 2328 970 2359 madv.
988 2329 1072 2359 Hist.
1094 2329 1121 2359 8.
1145 2333 1298 2367 tanquam
1322 2339 1433 2367 parum
1457 2338 1529 2357 con-

866 2375 1002 2400 stantem
1029 2371 1096 2401 sibi.
1141 2371 1203 2401 Sed
1226 2381 1379 2407 veremur,
1402 2380 1442 2399 ne
1464 2380 1529 2399 ma-

866 2413 938 2442 ioris
951 2414 1065 2452 cnlpae
1081 2413 1136 2443 ille
1152 2413 1212 2442 hoc
1229 2413 1299 2442 loco
1311 2423 1382 2442 reus
1394 2411 1443 2451 agi
1460 2422 1529 2450 pos-

866 2454 915 2490 sit,
939 2459 970 2484 et
994 2460 1094 2484 totam
1120 2455 1203 2484 hanc
1228 2456 1266 2484 de
1291 2453 1402 2484 Merici
1428 2454 1529 2492 prodi-

866 2497 953 2526 tione
982 2496 1195 2526 narrationem
1227 2497 1319 2526 valde
1348 2495 1529 2526 turbaverit.

869 2538 908 2567 In
932 2539 1049 2568 talibus
1073 2539 1150 2568 locis
1176 2539 1311 2568 multum
1338 2538 1428 2567 nobis
1451 2548 1531 2577 opus

868 2584 947 2609 esset
965 2580 1100 2619 Polybio
1116 2580 1278 2610 incolumi.
1302 2580 1407 2610 CREV.

908 2631 925 2659 3
950 2623 1098 2652 Remnlco
1116 2623 1342 2662 quadriremis]
1382 2624 1531 2653 Remulco

868 2663 1001 2693 trahitur
1024 2665 1123 2699 navis,
1142 2664 1265 2703 quoties
1286 2664 1377 2694 alteri
1399 2665 1531 2704 alligata

867 2715 930 2735 non
955 2706 1018 2736 suis
1040 2707 1134 2736 remis
1159 2707 1271 2746 agitur.
1317 2707 1429 2742 Quum
1456 2718 1530 2737 vero

868 2748 1029 2778 onerariae
1056 2749 1133 2778 velis
1162 2750 1264 2780 solum
1295 2750 1476 2787 utebantur,
1504 2750 1530 2780 si

865 2791 991 2829 quando
1017 2791 1101 2821 venti
1124 2802 1199 2821 usus
1227 2802 1291 2822 non
1316 2795 1394 2830 erat,
1417 2791 1462 2822 ita
1483 2793 1528 2822 al-

865 2832 981 2872 ligatae
995 2834 1212 2865 trahebantur.
