<?xml version="1.0" encoding="UTF-8"?>
<!DOCTYPE html PUBLIC "-//W3C//DTD XHTML 1.0 Transitional//EN"
    "http://www.w3.org/TR/xhtml1/DTD/xhtml1-transitional.dtd">
<html xmlns="http://www.w3.org/1999/xhtml" xml:lang="en" lang="en">
 <head>
  <title>
</title>
<meta http-equiv="Content-Type" content="text/html;charset=utf-8" />
  <meta name='ocr-system' content='tesseract 3.04.00' />
  <meta name='ocr-capabilities' content='ocr_page ocr_carea ocr_par ocr_line ocrx_word'/>
</head>
<body>
  <div class='ocr_page' id='page_1' title='image "./historiarumaburb02livyuoft_0322.png"; bbox 0 0 1877 3178; ppageno 0'>
   <div class='ocr_carea' id='block_1_1' title="bbox 402 99 482 136">
    <p class='ocr_par' dir='ltr' id='par_1_1' title="bbox 402 99 482 136">
     <span class='ocr_line' id='line_1_1' title="bbox 402 99 482 136; baseline 0 0"><span class='ocrx_word' id='word_1_1' title='bbox 402 99 482 136; x_wconf 87' lang='lat'>312</span> 
     </span>
    </p>
   </div>
   <div class='ocr_carea' id='block_1_2' title="bbox 909 94 1265 137">
    <p class='ocr_par' dir='ltr' id='par_1_2' title="bbox 909 94 1265 137">
     <span class='ocr_line' id='line_1_2' title="bbox 909 94 1265 137; baseline 0 -1"><span class='ocrx_word' id='word_1_2' title='bbox 909 94 1053 137; x_wconf 89' lang='lat' dir='ltr'>TITI</span> <span class='ocrx_word' id='word_1_3' title='bbox 1090 95 1265 137; x_wconf 88' lang='lat' dir='ltr'>LIVII</span> 
     </span>
    </p>
   </div>
   <div class='ocr_carea' id='block_1_3' title="bbox 196 184 1767 298">
    <p class='ocr_par' dir='ltr' id='par_1_3' title="bbox 196 184 1767 298">
     <span class='ocr_line' id='line_1_3' title="bbox 198 184 1764 243; baseline -0.001 -14"><span class='ocrx_word' id='word_1_4' title='bbox 198 189 242 221; x_wconf 88' lang='lat' dir='ltr'>U·</span> <span class='ocrx_word' id='word_1_5' title='bbox 259 189 298 220; x_wconf 79' lang='lat' dir='ltr'>C·</span> <span class='ocrx_word' id='word_1_6' title='bbox 320 190 415 229; x_wconf 59' lang='lat'>542⁶</span> <span class='ocrx_word' id='word_1_7' title='bbox 430 184 644 226; x_wconf 89' lang='lat' dir='ltr'>bellicosos</span> <span class='ocrx_word' id='word_1_8' title='bbox 669 185 802 234; x_wconf 87' lang='lat' dir='ltr'>ambo,</span> <span class='ocrx_word' id='word_1_9' title='bbox 827 185 934 226; x_wconf 90' lang='lat' dir='ltr'>viros</span> <span class='ocrx_word' id='word_1_10' title='bbox 958 200 1071 225; x_wconf 85' lang='lat' dir='ltr'>acres</span> <span class='ocrx_word' id='word_1_11' title='bbox 1091 185 1213 225; x_wconf 88' lang='lat' dir='ltr'>nimis</span> <span class='ocrx_word' id='word_1_12' title='bbox 1237 193 1279 225; x_wconf 92' lang='lat' dir='ltr'>et</span> <span class='ocrx_word' id='word_1_13' title='bbox 1303 184 1471 234; x_wconf 88' lang='lat' dir='ltr'>feroces,</span> <span class='ocrx_word' id='word_1_14' title='bbox 1500 196 1668 237; x_wconf 88' lang='lat' dir='ltr'>creatos,</span> <span class='ocrx_word' id='word_1_15' title='bbox 1694 187 1764 243; x_wconf 87' lang='lat' dir='ltr'>qui</span> 
     </span>
     <span class='ocr_line' id='line_1_4' title="bbox 196 232 1767 298; baseline 0.002 -16"><span class='ocrx_word' id='word_1_16' title='bbox 196 233 237 263; x_wconf 85' lang='lat' dir='ltr'>A.</span> <span class='ocrx_word' id='word_1_17' title='bbox 260 232 298 263; x_wconf 76' lang='lat' dir='ltr'>C·</span> <span class='ocrx_word' id='word_1_18' title='bbox 321 242 390 263; x_wconf 82' lang='lat'><strong>²¹0·</strong></span> <span class='ocrx_word' id='word_1_19' title='bbox 405 247 416 266; x_wconf 84' lang='lat'>‘</span> <span class='ocrx_word' id='word_1_20' title='bbox 431 242 496 283; x_wconf 90' lang='lat' dir='ltr'>vel</span> <span class='ocrx_word' id='word_1_21' title='bbox 516 242 559 282; x_wconf 91' lang='lat' dir='ltr'>in</span> <span class='ocrx_word' id='word_1_22' title='bbox 586 258 686 298; x_wconf 89' lang='lat' dir='ltr'>pace</span> <span class='ocrx_word' id='word_1_23' title='bbox 709 242 928 297; x_wconf 86' lang='lat' dir='ltr'>tranquilla</span> <span class='ocrx_word' id='word_1_24' title='bbox 953 241 1106 283; x_wconf 90' lang='lat' dir='ltr'>bellum</span> <span class='ocrx_word' id='word_1_25' title='bbox 1135 242 1314 282; x_wconf 84' lang='lat' dir='ltr'>excitare</span> <span class='ocrx_word' id='word_1_26' title='bbox 1342 251 1519 297; x_wconf 80' lang='lat' dir='ltr'>possent,</span> <span class='ocrx_word' id='word_1_27' title='bbox 1541 244 1696 285; x_wconf 90' lang='lat' dir='ltr'>nedum</span> <span class='ocrx_word' id='word_1_28' title='bbox 1723 244 1767 284; x_wconf 92' lang='lat' dir='ltr'>in</span> 
     </span>
    </p>
   </div>
   <div class='ocr_carea' id='block_1_4' title="bbox 261 357 328 398">
    <p class='ocr_par' dir='ltr' id='par_1_4' title="bbox 261 357 328 398">
     <span class='ocr_line' id='line_1_5' title="bbox 261 357 328 398; baseline 0.03 -2"><span class='ocrx_word' id='word_1_29' title='bbox 261 357 328 398; x_wconf 85' lang='lat'>27.</span> 
     </span>
    </p>
   </div>
   <div class='ocr_carea' id='block_1_5' title="bbox 405 299 1797 413">
    <p class='ocr_par' dir='ltr' id='par_1_5' title="bbox 405 299 1797 413">
     <span class='ocr_line' id='line_1_6' title="bbox 405 299 1340 355; baseline -0.001 -15"><span class='ocrx_word' id='word_1_30' title='bbox 405 299 537 340; x_wconf 88' lang='lat' dir='ltr'>‘bello</span> <span class='ocrx_word' id='word_1_31' title='bbox 557 300 754 355; x_wconf 87' lang='lat' dir='ltr'>respirare</span> <span class='ocrx_word' id='word_1_32' title='bbox 776 300 983 340; x_wconf 84' lang='lat' dir='ltr'>civitatem</span> <span class='ocrx_word' id='word_1_33' title='bbox 1003 299 1138 340; x_wconf 88' lang='lat' dir='ltr'>forent</span> <span class='ocrx_word' id='word_1_34' title='bbox 1157 299 1340 354; x_wconf 59' lang='lat' dir='ltr'>passuri?</span> 
     </span>
     <span class='ocr_line' id='line_1_7' title="bbox 461 355 1797 413; baseline 0.001 -16"><span class='ocrx_word' id='word_1_35' title='bbox 461 356 688 412; x_wconf 82' lang='lat' dir='ltr'>Interrupit</span> <span class='ocrx_word' id='word_1_36' title='bbox 707 357 782 397; x_wconf 86' lang='lat' dir='ltr'>hos</span> <span class='ocrx_word' id='word_1_37' title='bbox 805 371 1013 397; x_wconf 81' lang='lat' dir='ltr'>sermones</span> <span class='ocrx_word' id='word_1_38' title='bbox 1034 365 1168 404; x_wconf 85' lang='lat' dir='ltr'>nocte,</span> <span class='ocrx_word' id='word_1_39' title='bbox 1191 371 1296 411; x_wconf 90' lang='lat' dir='ltr'>quae</span> <span class='ocrx_word' id='word_1_40' title='bbox 1324 355 1455 411; x_wconf 84' lang='lat' dir='ltr'>pridie</span> <span class='ocrx_word' id='word_1_41' title='bbox 1481 355 1797 413; x_wconf 70' lang='lat' dir='ltr'>Quinquatrusss</span> 
     </span>
    </p>
   </div>
   <div class='ocr_carea' id='block_1_6' title="bbox 200 412 1765 469">
    <p class='ocr_par' dir='ltr' id='par_1_6' title="bbox 200 412 1765 469">
     <span class='ocr_line' id='line_1_8' title="bbox 200 412 1765 469; baseline 0.001 -15"><span class='ocrx_word' id='word_1_42' title='bbox 200 412 391 444; x_wconf 79' lang='lat' dir='ltr'>Incendium</span> <span class='ocrx_word' id='word_1_43' title='bbox 403 414 493 463; x_wconf 83' lang='lat' dir='ltr'>fuit,</span> <span class='ocrx_word' id='word_1_44' title='bbox 529 414 715 469; x_wconf 88' lang='lat' dir='ltr'>pluribus</span> <span class='ocrx_word' id='word_1_45' title='bbox 751 413 872 454; x_wconf 90' lang='lat' dir='ltr'>simul</span> <span class='ocrx_word' id='word_1_46' title='bbox 906 413 1004 454; x_wconf 92' lang='lat' dir='ltr'>locis</span> <span class='ocrx_word' id='word_1_47' title='bbox 1037 414 1145 454; x_wconf 89' lang='lat' dir='ltr'>circa</span> <span class='ocrx_word' id='word_1_48' title='bbox 1177 413 1311 454; x_wconf 84' lang='lat' dir='ltr'>forum</span> <span class='ocrx_word' id='word_1_49' title='bbox 1343 413 1584 454; x_wconf 82' lang='lat' dir='ltr'>incendium</span> <span class='ocrx_word' id='word_1_50' title='bbox 1619 423 1765 456; x_wconf 87' lang='lat' dir='ltr'>ortum.</span> 
     </span>
    </p>
   </div>
   <div class='ocr_carea' id='block_1_7' title="bbox 197 455 332 487">
    <p class='ocr_par' dir='ltr' id='par_1_7' title="bbox 197 455 332 487">
     <span class='ocr_line' id='line_1_9' title="bbox 197 455 332 487; baseline 0.007 -1"><span class='ocrx_word' id='word_1_51' title='bbox 197 455 332 487; x_wconf 81' lang='lat' dir='ltr'>Romae.</span> 
     </span>
    </p>
   </div>
   <div class='ocr_carea' id='block_1_8' title="bbox 403 470 1801 1096">
    <p class='ocr_par' dir='ltr' id='par_1_8' title="bbox 403 470 1801 1096">
     <span class='ocr_line' id='line_1_10' title="bbox 405 470 1801 527; baseline 0.002 -16"><span class='ocrx_word' id='word_1_52' title='bbox 405 470 564 512; x_wconf 88' lang='lat' dir='ltr'>Eodem</span> <span class='ocrx_word' id='word_1_53' title='bbox 587 480 771 526; x_wconf 87' lang='lat' dir='ltr'>tempore</span> <span class='ocrx_word' id='word_1_54' title='bbox 802 471 1192 526; x_wconf 78' lang='lat' dir='ltr'>septcm‘tabernae,</span> <span class='ocrx_word' id='word_1_55' title='bbox 1215 485 1320 525; x_wconf 89' lang='lat' dir='ltr'>quae</span> <span class='ocrx_word' id='word_1_56' title='bbox 1347 479 1488 525; x_wconf 85' lang='lat' dir='ltr'>postea</span> <span class='ocrx_word' id='word_1_57' title='bbox 1508 471 1706 527; x_wconf 89' lang='lat' dir='ltr'>quinque,</span> <span class='ocrx_word' id='word_1_58' title='bbox 1728 480 1801 514; x_wconf 91' lang='lat' dir='ltr'>et4</span> 
     </span>
     <span class='ocr_line' id='line_1_11' title="bbox 404 527 1770 583; baseline 0.001 -15"><span class='ocrx_word' id='word_1_59' title='bbox 404 528 668 583; x_wconf 80' lang='lat' dir='ltr'>argentariae,</span> <span class='ocrx_word' id='word_1_60' title='bbox 695 542 800 583; x_wconf 85' lang='lat' dir='ltr'>quae</span> <span class='ocrx_word' id='word_1_61' title='bbox 829 543 940 568; x_wconf 89' lang='lat' dir='ltr'>nunc</span> <span class='ocrx_word' id='word_1_62' title='bbox 970 527 1114 568; x_wconf 85' lang='lat' dir='ltr'>Novae</span> <span class='ocrx_word' id='word_1_63' title='bbox 1142 527 1412 583; x_wconf 81' lang='lat' dir='ltr'>appellantur,</span> <span class='ocrx_word' id='word_1_64' title='bbox 1435 542 1578 569; x_wconf 84' lang='lat' dir='ltr'>arsere.</span> <span class='ocrx_word' id='word_1_65' title='bbox 1643 528 1770 569; x_wconf 89' lang='lat' dir='ltr'>Com-</span> 
     </span>
     <span class='ocr_line' id='line_1_12' title="bbox 403 584 1799 640; baseline 0.001 -14"><span class='ocrx_word' id='word_1_66' title='bbox 403 585 604 640; x_wconf 84' lang='lat' dir='ltr'>prehensa</span> <span class='ocrx_word' id='word_1_67' title='bbox 624 594 766 640; x_wconf 89' lang='lat' dir='ltr'>postea</span> <span class='ocrx_word' id='word_1_68' title='bbox 781 585 938 640; x_wconf 87' lang='lat' dir='ltr'>privata</span> <span class='ocrx_word' id='word_1_69' title='bbox 955 584 1162 625; x_wconf 84' lang='lat' dir='ltr'>aedificia:</span> <span class='ocrx_word' id='word_1_70' title='bbox 1196 599 1332 640; x_wconf 87' lang='lat' dir='ltr'>neque</span> <span class='ocrx_word' id='word_1_71' title='bbox 1350 584 1459 625; x_wconf 90' lang='lat' dir='ltr'>enim</span> <span class='ocrx_word' id='word_1_72' title='bbox 1475 593 1563 626; x_wconf 90' lang='lat' dir='ltr'>tum</span> <span class='ocrx_word' id='word_1_73' title='bbox 1578 584 1767 626; x_wconf 84' lang='lat' dir='ltr'>basilicae</span> <span class='ocrx_word' id='word_1_74' title='bbox 1782 597 1799 628; x_wconf 87' lang='lat'>5</span> 
     </span>
     <span class='ocr_line' id='line_1_13' title="bbox 404 634 1801 697; baseline 0.001 -15"><span class='ocrx_word' id='word_1_75' title='bbox 404 652 545 682; x_wconf 84' lang='lat' dir='ltr'>erant:</span> <span class='ocrx_word' id='word_1_76' title='bbox 579 642 898 697; x_wconf 85' lang='lat' dir='ltr'>comprehensae</span> <span class='ocrx_word' id='word_1_77' title='bbox 926 641 1161 691; x_wconf 78' lang='lat' dir='ltr'>lautumiae,</span> <span class='ocrx_word' id='word_1_78' title='bbox 1190 642 1405 696; x_wconf 82' lang='lat' dir='ltr'>forumque</span> <span class='ocrx_word' id='word_1_79' title='bbox 1431 642 1706 697; x_wconf 86' lang='lat' dir='ltr'>piscatorium,</span> <span class='ocrx_word' id='word_1_80' title='bbox 1728 634 1801 683; x_wconf 91' lang='lat' dir='ltr'>et6</span> 
     </span>
     <span class='ocr_line' id='line_1_14' title="bbox 403 685 1800 754; baseline 0 -15"><span class='ocrx_word' id='word_1_81' title='bbox 403 699 552 739; x_wconf 89' lang='lat' dir='ltr'>atrium</span> <span class='ocrx_word' id='word_1_82' title='bbox 584 699 756 754; x_wconf 80' lang='lat' dir='ltr'>regium.</span> <span class='ocrx_word' id='word_1_83' title='bbox 821 698 960 739; x_wconf 85' lang='lat' dir='ltr'>Aedes</span> <span class='ocrx_word' id='word_1_84' title='bbox 992 698 1143 739; x_wconf 86' lang='lat' dir='ltr'>Vestae</span> <span class='ocrx_word' id='word_1_85' title='bbox 1176 699 1246 739; x_wconf 79' lang='lat' dir='ltr'>vix</span> <span class='ocrx_word' id='word_1_86' title='bbox 1278 699 1445 739; x_wconf 85' lang='lat' dir='ltr'>defensa</span> <span class='ocrx_word' id='word_1_87' title='bbox 1475 708 1536 740; x_wconf 87' lang='lat' dir='ltr'>est</span> <span class='ocrx_word' id='word_1_88' title='bbox 1570 685 1800 750; x_wconf 65' lang='lat' dir='ltr'>tredecim}</span> 
     </span>
     <span class='ocr_line' id='line_1_15' title="bbox 404 756 1801 812; baseline 0.001 -16"><span class='ocrx_word' id='word_1_89' title='bbox 404 756 581 796; x_wconf 77' lang='lat' dir='ltr'>maxime</span> <span class='ocrx_word' id='word_1_90' title='bbox 603 771 810 797; x_wconf 85' lang='lat' dir='ltr'>servorum</span> <span class='ocrx_word' id='word_1_91' title='bbox 832 770 968 811; x_wconf 86' lang='lat' dir='ltr'>opera,</span> <span class='ocrx_word' id='word_1_92' title='bbox 991 756 1064 811; x_wconf 87' lang='lat' dir='ltr'>qui</span> <span class='ocrx_word' id='word_1_93' title='bbox 1086 757 1129 796; x_wconf 88' lang='lat' dir='ltr'>in</span> <span class='ocrx_word' id='word_1_94' title='bbox 1154 756 1364 811; x_wconf 89' lang='lat' dir='ltr'>publicum</span> <span class='ocrx_word' id='word_1_95' title='bbox 1389 756 1593 812; x_wconf 88' lang='lat' dir='ltr'>redempti</span> <span class='ocrx_word' id='word_1_96' title='bbox 1613 772 1659 797; x_wconf 91' lang='lat' dir='ltr'>ac</span> <span class='ocrx_word' id='word_1_97' title='bbox 1683 771 1801 803; x_wconf 89' lang='lat' dir='ltr'>ma-9</span> 
     </span>
     <span class='ocr_line' id='line_1_16' title="bbox 404 812 1797 854; baseline 0.001 -1"><span class='ocrx_word' id='word_1_98' title='bbox 404 813 574 853; x_wconf 88' lang='lat' dir='ltr'>numissi</span> <span class='ocrx_word' id='word_1_99' title='bbox 602 821 708 853; x_wconf 88' lang='lat' dir='ltr'>sunt.</span> <span class='ocrx_word' id='word_1_100' title='bbox 772 812 907 853; x_wconf 84' lang='lat' dir='ltr'>Nocte</span> <span class='ocrx_word' id='word_1_101' title='bbox 933 828 979 853; x_wconf 90' lang='lat' dir='ltr'>ac</span> <span class='ocrx_word' id='word_1_102' title='bbox 1007 813 1073 853; x_wconf 89' lang='lat' dir='ltr'>die</span> <span class='ocrx_word' id='word_1_103' title='bbox 1105 813 1390 853; x_wconf 85' lang='lat' dir='ltr'>continuatum</span> <span class='ocrx_word' id='word_1_104' title='bbox 1418 813 1658 854; x_wconf 83' lang='lat' dir='ltr'>incendium</span> <span class='ocrx_word' id='word_1_105' title='bbox 1678 813 1766 854; x_wconf 87' lang='lat' dir='ltr'>fuit.</span> <span class='ocrx_word' id='word_1_106' title='bbox 1784 814 1797 834; x_wconf 85' lang='lat'>¹</span> 
     </span>
     <span class='ocr_line' id='line_1_17' title="bbox 405 869 1771 925; baseline 0.001 -15"><span class='ocrx_word' id='word_1_107' title='bbox 405 869 497 910; x_wconf 88' lang='lat' dir='ltr'>Nec</span> <span class='ocrx_word' id='word_1_108' title='bbox 518 869 591 910; x_wconf 87' lang='lat' dir='ltr'>ulli</span> <span class='ocrx_word' id='word_1_109' title='bbox 612 870 785 910; x_wconf 88' lang='lat' dir='ltr'>dubium</span> <span class='ocrx_word' id='word_1_110' title='bbox 806 879 903 918; x_wconf 90' lang='lat' dir='ltr'>erat,</span> <span class='ocrx_word' id='word_1_111' title='bbox 926 869 1107 910; x_wconf 84' lang='lat' dir='ltr'>humana</span> <span class='ocrx_word' id='word_1_112' title='bbox 1126 869 1170 910; x_wconf 87' lang='lat' dir='ltr'>id</span> <span class='ocrx_word' id='word_1_113' title='bbox 1196 869 1338 910; x_wconf 87' lang='lat' dir='ltr'>fraude</span> <span class='ocrx_word' id='word_1_114' title='bbox 1360 869 1512 910; x_wconf 83' lang='lat' dir='ltr'>factum</span> <span class='ocrx_word' id='word_1_115' title='bbox 1534 886 1633 920; x_wconf 87' lang='lat' dir='ltr'>esse,</span> <span class='ocrx_word' id='word_1_116' title='bbox 1656 870 1771 925; x_wconf 91' lang='lat' dir='ltr'>quod</span> 
     </span>
     <span class='ocr_line' id='line_1_18' title="bbox 403 926 1768 982; baseline 0.001 -15"><span class='ocrx_word' id='word_1_117' title='bbox 403 926 588 981; x_wconf 88' lang='lat' dir='ltr'>pluribus</span> <span class='ocrx_word' id='word_1_118' title='bbox 620 927 740 967; x_wconf 88' lang='lat' dir='ltr'>simul</span> <span class='ocrx_word' id='word_1_119' title='bbox 774 926 886 975; x_wconf 88' lang='lat' dir='ltr'>locis,</span> <span class='ocrx_word' id='word_1_120' title='bbox 927 935 969 967; x_wconf 89' lang='lat' dir='ltr'>et</span> <span class='ocrx_word' id='word_1_121' title='bbox 1003 926 1050 966; x_wconf 90' lang='lat' dir='ltr'>iis</span> <span class='ocrx_word' id='word_1_122' title='bbox 1085 926 1265 975; x_wconf 86' lang='lat' dir='ltr'>diversis,</span> <span class='ocrx_word' id='word_1_123' title='bbox 1302 927 1417 982; x_wconf 76' lang='lat' dir='ltr'>ignes</span> <span class='ocrx_word' id='word_1_124' title='bbox 1452 927 1580 968; x_wconf 87' lang='lat' dir='ltr'>coorti</span> <span class='ocrx_word' id='word_1_125' title='bbox 1621 936 1768 968; x_wconf 86' lang='lat' dir='ltr'>essent.</span> 
     </span>
     <span class='ocr_line' id='line_1_19' title="bbox 404 983 1768 1039; baseline 0.001 -16"><span class='ocrx_word' id='word_1_126' title='bbox 404 983 550 1039; x_wconf 88' lang='lat' dir='ltr'>Itaque</span> <span class='ocrx_word' id='word_1_127' title='bbox 582 983 725 1024; x_wconf 84' lang='lat' dir='ltr'>consul</span> <span class='ocrx_word' id='word_1_128' title='bbox 752 998 805 1024; x_wconf 84' lang='lat' dir='ltr'>ex</span> <span class='ocrx_word' id='word_1_129' title='bbox 835 983 1075 1023; x_wconf 86' lang='lat' dir='ltr'>auctoritate</span> <span class='ocrx_word' id='word_1_130' title='bbox 1101 992 1265 1024; x_wconf 83' lang='lat' dir='ltr'>senatus</span> <span class='ocrx_word' id='word_1_131' title='bbox 1292 999 1366 1039; x_wconf 90' lang='lat' dir='ltr'>pro</span> <span class='ocrx_word' id='word_1_132' title='bbox 1396 984 1593 1025; x_wconf 89' lang='lat' dir='ltr'>concione</span> <span class='ocrx_word' id='word_1_133' title='bbox 1624 984 1768 1034; x_wconf 85' lang='lat' dir='ltr'>edixit,</span> 
     </span>
     <span class='ocr_line' id='line_1_20' title="bbox 403 1039 1767 1096; baseline 0.001 -16"><span class='ocrx_word' id='word_1_134' title='bbox 403 1040 488 1095; x_wconf 90' lang='lat' dir='ltr'>qui,</span> <span class='ocrx_word' id='word_1_135' title='bbox 520 1055 696 1095; x_wconf 88' lang='lat' dir='ltr'>quorum</span> <span class='ocrx_word' id='word_1_136' title='bbox 728 1055 850 1095; x_wconf 85' lang='lat' dir='ltr'>opera</span> <span class='ocrx_word' id='word_1_137' title='bbox 880 1039 923 1079; x_wconf 92' lang='lat' dir='ltr'>id</span> <span class='ocrx_word' id='word_1_138' title='bbox 953 1040 1175 1081; x_wconf 86' lang='lat' dir='ltr'>conflatum</span> <span class='ocrx_word' id='word_1_139' title='bbox 1211 1040 1463 1089; x_wconf 85' lang='lat' dir='ltr'>incendium,</span> <span class='ocrx_word' id='word_1_140' title='bbox 1494 1042 1767 1096; x_wconf 87' lang='lat' dir='ltr'>profiteretur,</span> 
     </span>
    </p>
   </div>
   <div class='ocr_carea' id='block_1_9' title="bbox 198 1096 1769 1151">
    <p class='ocr_par' dir='ltr' id='par_1_9' title="bbox 198 1096 1769 1151">
     <span class='ocr_line' id='line_1_21' title="bbox 198 1096 1769 1151; baseline 0.001 -13"><span class='ocrx_word' id='word_1_141' title='bbox 198 1108 377 1146; x_wconf 80' lang='lat' dir='ltr'>Campano·</span> <span class='ocrx_word' id='word_1_142' title='bbox 403 1111 631 1151; x_wconf 83' lang='lat' dir='ltr'>praemium</span> <span class='ocrx_word' id='word_1_143' title='bbox 672 1097 771 1145; x_wconf 88' lang='lat' dir='ltr'>fore,</span> <span class='ocrx_word' id='word_1_144' title='bbox 812 1096 941 1137; x_wconf 88' lang='lat' dir='ltr'>libero</span> <span class='ocrx_word' id='word_1_145' title='bbox 977 1097 1209 1151; x_wconf 80' lang='lat' dir='ltr'>pecuniam,</span> <span class='ocrx_word' id='word_1_146' title='bbox 1250 1112 1364 1137; x_wconf 85' lang='lat' dir='ltr'>servo</span> <span class='ocrx_word' id='word_1_147' title='bbox 1402 1097 1643 1138; x_wconf 82' lang='lat' dir='ltr'>libertatem.</span> <span class='ocrx_word' id='word_1_148' title='bbox 1705 1098 1769 1139; x_wconf 87' lang='lat' dir='ltr'>Eo</span> 
     </span>
    </p>
   </div>
   <div class='ocr_carea' id='block_1_10' title="bbox 196 1150 391 1181">
    <p class='ocr_par' dir='ltr' id='par_1_10' title="bbox 196 1150 391 1181">
     <span class='ocr_line' id='line_1_22' title="bbox 196 1150 391 1181; baseline 0.015 -3"><span class='ocrx_word' id='word_1_149' title='bbox 196 1160 266 1179; x_wconf 88' lang='lat' dir='ltr'>rum</span> <span class='ocrx_word' id='word_1_150' title='bbox 281 1150 349 1180; x_wconf 84' lang='lat' dir='ltr'>frau</span> <span class='ocrx_word' id='word_1_151' title='bbox 353 1152 391 1181; x_wconf 86' lang='lat' dir='ltr'>de</span> 
     </span>
    </p>
   </div>
   <div class='ocr_carea' id='block_1_11' title="bbox 198 1196 311 1223">
    <p class='ocr_par' dir='ltr' id='par_1_11' title="bbox 198 1196 311 1223">
     <span class='ocr_line' id='line_1_23' title="bbox 198 1196 311 1223; baseline 0.018 -2"><span class='ocrx_word' id='word_1_152' title='bbox 198 1196 311 1223; x_wconf 85' lang='lat' dir='ltr'>ortum.</span> 
     </span>
    </p>
   </div>
   <div class='ocr_carea' id='block_1_12' title="bbox 403 1152 1770 1495">
    <p class='ocr_par' dir='ltr' id='par_1_12' title="bbox 403 1152 1770 1495">
     <span class='ocr_line' id='line_1_24' title="bbox 403 1152 1770 1209; baseline 0.001 -16"><span class='ocrx_word' id='word_1_153' title='bbox 403 1154 585 1209; x_wconf 88' lang='lat' dir='ltr'>praemio</span> <span class='ocrx_word' id='word_1_154' title='bbox 601 1153 796 1194; x_wconf 90' lang='lat' dir='ltr'>inductus</span> <span class='ocrx_word' id='word_1_155' title='bbox 813 1152 1120 1208; x_wconf 81' lang='lat' dir='ltr'>Campanorum</span> <span class='ocrx_word' id='word_1_156' title='bbox 1138 1152 1400 1193; x_wconf 82' lang='lat' dir='ltr'>Calaviorum</span> <span class='ocrx_word' id='word_1_157' title='bbox 1413 1168 1551 1194; x_wconf 86' lang='lat' dir='ltr'>servus</span> <span class='ocrx_word' id='word_1_158' title='bbox 1564 1154 1770 1209; x_wconf 75' lang='lat' dir='ltr'>(Mannus</span> 
     </span>
     <span class='ocr_line' id='line_1_25' title="bbox 403 1209 1770 1266; baseline 0.001 -16"><span class='ocrx_word' id='word_1_159' title='bbox 403 1211 441 1250; x_wconf 91' lang='lat' dir='ltr'>ei</span> <span class='ocrx_word' id='word_1_160' title='bbox 470 1226 623 1251; x_wconf 89' lang='lat' dir='ltr'>nomen</span> <span class='ocrx_word' id='word_1_161' title='bbox 653 1216 759 1264; x_wconf 85' lang='lat' dir='ltr'>erat)</span> <span class='ocrx_word' id='word_1_162' title='bbox 786 1210 994 1259; x_wconf 86' lang='lat' dir='ltr'>indicavit,</span> <span class='ocrx_word' id='word_1_163' title='bbox 1029 1209 1243 1251; x_wconf 82' lang='lat' dir='ltr'>‘dominos</span> <span class='ocrx_word' id='word_1_164' title='bbox 1273 1220 1314 1251; x_wconf 85' lang='lat' dir='ltr'>et</span> <span class='ocrx_word' id='word_1_165' title='bbox 1344 1210 1528 1266; x_wconf 90' lang='lat' dir='ltr'>quinque</span> <span class='ocrx_word' id='word_1_166' title='bbox 1559 1220 1770 1266; x_wconf 87' lang='lat' dir='ltr'>praeterea</span> 
     </span>
     <span class='ocr_line' id='line_1_26' title="bbox 405 1267 1770 1323; baseline 0.001 -15"><span class='ocrx_word' id='word_1_167' title='bbox 405 1273 416 1290; x_wconf 74' lang='lat'><strong><em>⁶</em></strong></span> <span class='ocrx_word' id='word_1_168' title='bbox 432 1268 602 1308; x_wconf 86' lang='lat' dir='ltr'>iuvenes</span> <span class='ocrx_word' id='word_1_169' title='bbox 632 1267 790 1308; x_wconf 90' lang='lat' dir='ltr'>nobiles</span> <span class='ocrx_word' id='word_1_170' title='bbox 814 1267 1062 1323; x_wconf 83' lang='lat' dir='ltr'>Campanos,</span> <span class='ocrx_word' id='word_1_171' title='bbox 1090 1282 1265 1322; x_wconf 85' lang='lat' dir='ltr'>quorum</span> <span class='ocrx_word' id='word_1_172' title='bbox 1286 1276 1477 1323; x_wconf 88' lang='lat' dir='ltr'>parentes</span> <span class='ocrx_word' id='word_1_173' title='bbox 1498 1283 1521 1308; x_wconf 90' lang='lat' dir='ltr'>a</span> <span class='ocrx_word' id='word_1_174' title='bbox 1553 1268 1604 1316; x_wconf 76' lang='lat' dir='ltr'>Q.</span> <span class='ocrx_word' id='word_1_175' title='bbox 1624 1268 1770 1309; x_wconf 88' lang='lat' dir='ltr'>Fulvio</span> 
     </span>
     <span class='ocr_line' id='line_1_27' title="bbox 405 1324 1770 1380; baseline 0.001 -15"><span class='ocrx_word' id='word_1_176' title='bbox 405 1331 416 1348; x_wconf 88' lang='lat'>‘</span> <span class='ocrx_word' id='word_1_177' title='bbox 432 1325 563 1366; x_wconf 88' lang='lat' dir='ltr'>securi</span> <span class='ocrx_word' id='word_1_178' title='bbox 583 1325 764 1380; x_wconf 89' lang='lat' dir='ltr'>percussi</span> <span class='ocrx_word' id='word_1_179' title='bbox 786 1334 914 1373; x_wconf 81' lang='lat' dir='ltr'>erant,</span> <span class='ocrx_word' id='word_1_180' title='bbox 938 1325 981 1364; x_wconf 94' lang='lat' dir='ltr'>id</span> <span class='ocrx_word' id='word_1_181' title='bbox 1002 1324 1240 1364; x_wconf 89' lang='lat' dir='ltr'>incendium</span> <span class='ocrx_word' id='word_1_182' title='bbox 1261 1324 1426 1372; x_wconf 82' lang='lat' dir='ltr'>fecisse3</span> <span class='ocrx_word' id='word_1_183' title='bbox 1459 1325 1666 1380; x_wconf 74' lang='lat' dir='ltr'>vulgoque</span> <span class='ocrx_word' id='word_1_184' title='bbox 1686 1326 1770 1366; x_wconf 88' lang='lat' dir='ltr'>fac-</span> 
     </span>
     <span class='ocr_line' id='line_1_28' title="bbox 406 1381 1770 1437; baseline 0.001 -15"><span class='ocrx_word' id='word_1_185' title='bbox 406 1388 541 1423; x_wconf 88' lang='lat' dir='ltr'>‘turos</span> <span class='ocrx_word' id='word_1_186' title='bbox 568 1382 657 1431; x_wconf 86' lang='lat' dir='ltr'>alia,</span> <span class='ocrx_word' id='word_1_187' title='bbox 681 1382 723 1422; x_wconf 88' lang='lat' dir='ltr'>ni</span> <span class='ocrx_word' id='word_1_188' title='bbox 745 1381 1173 1437; x_wconf 82' lang='lat' dir='ltr'>comp1·ehenda.ntur.’</span> <span class='ocrx_word' id='word_1_189' title='bbox 1235 1381 1536 1437; x_wconf 88' lang='lat' dir='ltr'>Comprehensi</span> <span class='ocrx_word' id='word_1_190' title='bbox 1556 1383 1633 1437; x_wconf 93' lang='lat' dir='ltr'>ipsi</span> <span class='ocrx_word' id='word_1_191' title='bbox 1652 1382 1770 1423; x_wconf 86' lang='lat' dir='ltr'>fami-</span> 
     </span>
     <span class='ocr_line' id='line_1_29' title="bbox 404 1438 1766 1495; baseline 0.001 -17"><span class='ocrx_word' id='word_1_192' title='bbox 404 1438 564 1494; x_wconf 89' lang='lat' dir='ltr'>liaeque</span> <span class='ocrx_word' id='word_1_193' title='bbox 588 1454 740 1480; x_wconf 91' lang='lat' dir='ltr'>eorum.</span> <span class='ocrx_word' id='word_1_194' title='bbox 805 1439 859 1479; x_wconf 90' lang='lat' dir='ltr'>Et</span> <span class='ocrx_word' id='word_1_195' title='bbox 887 1440 1020 1495; x_wconf 89' lang='lat' dir='ltr'>primo</span> <span class='ocrx_word' id='word_1_196' title='bbox 1042 1438 1277 1479; x_wconf 86' lang='lat' dir='ltr'>elevabatur</span> <span class='ocrx_word' id='word_1_197' title='bbox 1301 1439 1428 1480; x_wconf 85' lang='lat' dir='ltr'>index</span> <span class='ocrx_word' id='word_1_198' title='bbox 1456 1439 1766 1495; x_wconf 73' lang='lat' dir='ltr'>indiciiimque:</span> 
     </span>
    </p>
   </div>
   <div class='ocr_carea' id='block_1_13' title="bbox 1107 1603 1771 1643">
    <p class='ocr_par' dir='ltr' id='par_1_13' title="bbox 1107 1603 1771 1643">
     <span class='ocr_line' id='line_1_30' title="bbox 1107 1603 1771 1643; baseline 0.003 -10"><span class='ocrx_word' id='word_1_199' title='bbox 1107 1614 1217 1634; x_wconf 79' lang='lat' dir='ltr'>causas</span> <span class='ocrx_word' id='word_1_200' title='bbox 1233 1614 1428 1643; x_wconf 74' lang='lat' dir='ltr'>cognoscere,</span> <span class='ocrx_word' id='word_1_201' title='bbox 1444 1604 1612 1634; x_wconf 82' lang='lat' dir='ltr'>clientibus</span> <span class='ocrx_word' id='word_1_202' title='bbox 1626 1603 1771 1635; x_wconf 85' lang='lat' dir='ltr'>homines</span> 
     </span>
    </p>
   </div>
   <div class='ocr_carea' id='block_1_14' title="bbox 447 1604 1768 1685">
    <p class='ocr_par' dir='ltr' id='par_1_14' title="bbox 447 1604 1768 1685">
     <span class='ocr_line' id='line_1_31' title="bbox 447 1604 1061 1645; baseline 0 -11"><span class='ocrx_word' id='word_1_203' title='bbox 447 1614 463 1643; x_wconf 77' lang='lat'>3</span> <span class='ocrx_word' id='word_1_204' title='bbox 488 1606 725 1645; x_wconf 72' lang='lat' dir='ltr'>Quinquatrus]</span> <span class='ocrx_word' id='word_1_205' title='bbox 756 1605 805 1634; x_wconf 88' lang='lat' dir='ltr'>Ex</span> <span class='ocrx_word' id='word_1_206' title='bbox 830 1604 915 1634; x_wconf 85' lang='lat' dir='ltr'>Festi</span> <span class='ocrx_word' id='word_1_207' title='bbox 939 1609 1061 1634; x_wconf 85' lang='lat' dir='ltr'>senten-</span> 
     </span>
     <span class='ocr_line' id='line_1_32' title="bbox 1108 1646 1768 1685; baseline 0.003 -10"><span class='ocrx_word' id='word_1_208' title='bbox 1108 1646 1199 1684; x_wconf 84' lang='lat' dir='ltr'>periti</span> <span class='ocrx_word' id='word_1_209' title='bbox 1230 1647 1268 1676; x_wconf 89' lang='lat' dir='ltr'>de</span> <span class='ocrx_word' id='word_1_210' title='bbox 1302 1647 1369 1676; x_wconf 88' lang='lat' dir='ltr'>iure</span> <span class='ocrx_word' id='word_1_211' title='bbox 1398 1647 1586 1685; x_wconf 77' lang='lat' dir='ltr'>respondere</span> <span class='ocrx_word' id='word_1_212' title='bbox 1615 1647 1768 1678; x_wconf 86' lang='lat' dir='ltr'>solebant.</span> 
     </span>
    </p>
   </div>
   <div class='ocr_carea' id='block_1_15' title="bbox 402 1646 1063 1684">
    <p class='ocr_par' dir='ltr' id='par_1_15' title="bbox 402 1646 1063 1684">
     <span class='ocr_line' id='line_1_33' title="bbox 402 1646 1063 1684; baseline -0.002 -8"><span class='ocrx_word' id='word_1_213' title='bbox 402 1646 457 1684; x_wconf 81' lang='lat' dir='ltr'>tia,</span> <span class='ocrx_word' id='word_1_214' title='bbox 476 1647 588 1677; x_wconf 86' lang='lat' dir='ltr'>unicus</span> <span class='ocrx_word' id='word_1_215' title='bbox 610 1647 669 1676; x_wconf 90' lang='lat' dir='ltr'>fuit</span> <span class='ocrx_word' id='word_1_216' title='bbox 692 1648 757 1676; x_wconf 84' lang='lat' dir='ltr'>dies</span> <span class='ocrx_word' id='word_1_217' title='bbox 780 1647 944 1676; x_wconf 78' lang='lat' dir='ltr'>Minervae</span> <span class='ocrx_word' id='word_1_218' title='bbox 967 1657 1063 1682; x_wconf 85' lang='lat' dir='ltr'>sacer,</span> 
     </span>
    </p>
   </div>
   <div class='ocr_carea' id='block_1_16' title="bbox 400 1689 1064 2863">
    <p class='ocr_par' dir='ltr' id='par_1_16' title="bbox 402 1689 1064 2099">
     <span class='ocr_line' id='line_1_34' title="bbox 402 1689 1062 1728; baseline -0.002 -10"><span class='ocrx_word' id='word_1_219' title='bbox 402 1689 447 1719; x_wconf 77' lang='lat' dir='ltr'>sic</span> <span class='ocrx_word' id='word_1_220' title='bbox 464 1689 576 1725; x_wconf 70' lang='lat' dir='ltr'>dictus,</span> <span class='ocrx_word' id='word_1_221' title='bbox 592 1690 676 1728; x_wconf 85' lang='lat' dir='ltr'>quod</span> <span class='ocrx_word' id='word_1_222' title='bbox 693 1695 773 1718; x_wconf 80' lang='lat' dir='ltr'>esset</span> <span class='ocrx_word' id='word_1_223' title='bbox 790 1693 860 1727; x_wconf 84' lang='lat' dir='ltr'>post</span> <span class='ocrx_word' id='word_1_224' title='bbox 875 1689 958 1718; x_wconf 76' lang='lat' dir='ltr'>diem</span> <span class='ocrx_word' id='word_1_225' title='bbox 975 1689 1062 1727; x_wconf 85' lang='lat' dir='ltr'>quin-</span> 
     </span>
     <span class='ocr_line' id='line_1_35' title="bbox 403 1731 1063 1769; baseline -0.003 -8"><span class='ocrx_word' id='word_1_226' title='bbox 403 1735 472 1761; x_wconf 79' lang='lat' dir='ltr'>tum</span> <span class='ocrx_word' id='word_1_227' title='bbox 497 1732 574 1761; x_wconf 88' lang='lat' dir='ltr'>Idus</span> <span class='ocrx_word' id='word_1_228' title='bbox 596 1731 711 1761; x_wconf 77' lang='lat' dir='ltr'>mensis</span> <span class='ocrx_word' id='word_1_229' title='bbox 728 1731 844 1761; x_wconf 84' lang='lat' dir='ltr'>Martii.</span> <span class='ocrx_word' id='word_1_230' title='bbox 891 1731 1063 1769; x_wconf 78' lang='lat' dir='ltr'>Repugnat</span> 
     </span>
     <span class='ocr_line' id='line_1_36' title="bbox 405 1773 1063 1809; baseline 0 -6"><span class='ocrx_word' id='word_1_231' title='bbox 405 1774 524 1809; x_wconf 68' lang='lat' dir='ltr'>Livius,</span> <span class='ocrx_word' id='word_1_232' title='bbox 550 1774 624 1804; x_wconf 85' lang='lat' dir='ltr'>xliv.</span> <span class='ocrx_word' id='word_1_233' title='bbox 651 1783 698 1804; x_wconf 71' lang='lat'>2²0.</span> <span class='ocrx_word' id='word_1_234' title='bbox 730 1773 773 1803; x_wconf 83' lang='lat' dir='ltr'>Et</span> <span class='ocrx_word' id='word_1_235' title='bbox 795 1773 887 1803; x_wconf 84' lang='lat' dir='ltr'>Ovid.</span> <span class='ocrx_word' id='word_1_236' title='bbox 913 1774 997 1802; x_wconf 77' lang='lat' dir='ltr'>Fast.</span> <span class='ocrx_word' id='word_1_237' title='bbox 1022 1773 1063 1803; x_wconf 91' lang='lat' dir='ltr'>iii.</span> 
     </span>
     <span class='ocr_line' id='line_1_37' title="bbox 406 1815 1064 1854; baseline -0.002 -9"><span class='ocrx_word' id='word_1_238' title='bbox 406 1816 472 1845; x_wconf 84' lang='lat' dir='ltr'>vult</span> <span class='ocrx_word' id='word_1_239' title='bbox 494 1816 550 1846; x_wconf 91' lang='lat' dir='ltr'>illa</span> <span class='ocrx_word' id='word_1_240' title='bbox 573 1826 660 1845; x_wconf 82' lang='lat' dir='ltr'>sacra</span> <span class='ocrx_word' id='word_1_241' title='bbox 680 1826 735 1854; x_wconf 90' lang='lat' dir='ltr'>per</span> <span class='ocrx_word' id='word_1_242' title='bbox 750 1816 888 1854; x_wconf 85' lang='lat' dir='ltr'>quinque</span> <span class='ocrx_word' id='word_1_243' title='bbox 904 1815 970 1844; x_wconf 88' lang='lat' dir='ltr'>dies</span> <span class='ocrx_word' id='word_1_244' title='bbox 986 1815 1064 1844; x_wconf 84' lang='lat' dir='ltr'>cele-</span> 
     </span>
     <span class='ocr_line' id='line_1_38' title="bbox 403 1857 1063 1895; baseline -0.002 -8"><span class='ocrx_word' id='word_1_245' title='bbox 403 1859 503 1895; x_wconf 82' lang='lat' dir='ltr'>brata,</span> <span class='ocrx_word' id='word_1_246' title='bbox 516 1862 546 1887; x_wconf 85' lang='lat' dir='ltr'>et</span> <span class='ocrx_word' id='word_1_247' title='bbox 559 1859 674 1888; x_wconf 85' lang='lat' dir='ltr'>habere</span> <span class='ocrx_word' id='word_1_248' title='bbox 689 1867 804 1887; x_wconf 86' lang='lat' dir='ltr'>nomen</span> <span class='ocrx_word' id='word_1_249' title='bbox 817 1868 836 1887; x_wconf 85' lang='lat' dir='ltr'>a</span> <span class='ocrx_word' id='word_1_250' title='bbox 852 1857 965 1887; x_wconf 82' lang='lat' dir='ltr'>iunctis</span> <span class='ocrx_word' id='word_1_251' title='bbox 976 1857 1063 1895; x_wconf 88' lang='lat' dir='ltr'>qnin—</span> 
     </span>
     <span class='ocr_line' id='line_1_39' title="bbox 403 1899 1063 1939; baseline 0 -11"><span class='ocrx_word' id='word_1_252' title='bbox 403 1911 464 1939; x_wconf 83' lang='lat' dir='ltr'>que</span> <span class='ocrx_word' id='word_1_253' title='bbox 481 1901 598 1930; x_wconf 84' lang='lat' dir='ltr'>diebus.</span> <span class='ocrx_word' id='word_1_254' title='bbox 645 1901 789 1929; x_wconf 79' lang='lat' dir='ltr'>Fortasse</span> <span class='ocrx_word' id='word_1_255' title='bbox 814 1899 922 1938; x_wconf 87' lang='lat' dir='ltr'>primis</span> <span class='ocrx_word' id='word_1_256' title='bbox 942 1904 1063 1938; x_wconf 85' lang='lat' dir='ltr'>tempo-</span> 
     </span>
     <span class='ocr_line' id='line_1_40' title="bbox 403 1942 1064 1978; baseline -0.003 -6"><span class='ocrx_word' id='word_1_257' title='bbox 403 1942 487 1972; x_wconf 80' lang='lat' dir='ltr'>ribus</span> <span class='ocrx_word' id='word_1_258' title='bbox 500 1943 611 1972; x_wconf 86' lang='lat' dir='ltr'>unicus</span> <span class='ocrx_word' id='word_1_259' title='bbox 626 1946 750 1972; x_wconf 79' lang='lat' dir='ltr'>tantum</span> <span class='ocrx_word' id='word_1_260' title='bbox 764 1942 829 1971; x_wconf 83' lang='lat' dir='ltr'>(lies</span> <span class='ocrx_word' id='word_1_261' title='bbox 841 1942 938 1971; x_wconf 83' lang='lat' dir='ltr'>festus</span> <span class='ocrx_word' id='word_1_262' title='bbox 948 1942 1064 1978; x_wconf 79' lang='lat' dir='ltr'>fuerat3</span> 
     </span>
     <span class='ocr_line' id='line_1_41' title="bbox 403 1983 1062 2023; baseline -0.002 -10"><span class='ocrx_word' id='word_1_263' title='bbox 403 1988 513 2023; x_wconf 79' lang='lat' dir='ltr'>postea</span> <span class='ocrx_word' id='word_1_264' title='bbox 530 1995 600 2014; x_wconf 80' lang='lat' dir='ltr'>vero</span> <span class='ocrx_word' id='word_1_265' title='bbox 616 1985 647 2014; x_wconf 93' lang='lat' dir='ltr'>in</span> <span class='ocrx_word' id='word_1_266' title='bbox 665 1985 771 2023; x_wconf 88' lang='lat' dir='ltr'>plures</span> <span class='ocrx_word' id='word_1_267' title='bbox 792 1985 941 2023; x_wconf 87' lang='lat' dir='ltr'>prolatus.</span> <span class='ocrx_word' id='word_1_268' title='bbox 988 1983 1062 2013; x_wconf 73' lang='lat' dir='ltr'>Vid.</span> 
     </span>
     <span class='ocr_line' id='line_1_42' title="bbox 404 2026 1063 2066; baseline -0.002 -10"><span class='ocrx_word' id='word_1_269' title='bbox 404 2027 533 2056; x_wconf 82' lang='lat' dir='ltr'>Festum</span> <span class='ocrx_word' id='word_1_270' title='bbox 559 2027 591 2056; x_wconf 87' lang='lat' dir='ltr'>in</span> <span class='ocrx_word' id='word_1_271' title='bbox 616 2037 691 2056; x_wconf 74' lang='lat' dir='ltr'>voce</span> <span class='ocrx_word' id='word_1_272' title='bbox 716 2028 947 2066; x_wconf 73' lang='lat' dir='ltr'>Quinquatrus,</span> <span class='ocrx_word' id='word_1_273' title='bbox 970 2029 1002 2056; x_wconf 91' lang='lat' dir='ltr'>et</span> <span class='ocrx_word' id='word_1_274' title='bbox 1024 2026 1063 2055; x_wconf 79' lang='lat' dir='ltr'>ad</span> 
     </span>
     <span class='ocr_line' id='line_1_43' title="bbox 402 2069 831 2099; baseline 0.002 -1"><span class='ocrx_word' id='word_1_275' title='bbox 402 2079 474 2099; x_wconf 84' lang='lat' dir='ltr'>eum</span> <span class='ocrx_word' id='word_1_276' title='bbox 494 2069 621 2099; x_wconf 89' lang='lat' dir='ltr'>Dacerii</span> <span class='ocrx_word' id='word_1_277' title='bbox 638 2073 702 2099; x_wconf 86' lang='lat' dir='ltr'>not.</span> <span class='ocrx_word' id='word_1_278' title='bbox 727 2069 831 2099; x_wconf 64' lang='lat' dir='ltr'>Cum.</span> 
     </span>
    </p>

    <p class='ocr_par' dir='ltr' id='par_1_17' title="bbox 401 2109 1063 2606">
     <span class='ocr_line' id='line_1_44' title="bbox 445 2109 1063 2151; baseline -0.002 -12"><span class='ocrx_word' id='word_1_279' title='bbox 445 2124 463 2150; x_wconf 85' lang='lat'>4</span> <span class='ocrx_word' id='word_1_280' title='bbox 488 2113 577 2148; x_wconf 81' lang='lat' dir='ltr'>Quae</span> <span class='ocrx_word' id='word_1_281' title='bbox 602 2116 709 2150; x_wconf 80' lang='lat' dir='ltr'>pastea</span> <span class='ocrx_word' id='word_1_282' title='bbox 739 2111 895 2151; x_wconf 61' lang='lat' dir='ltr'>quinque]</span> <span class='ocrx_word' id='word_1_283' title='bbox 928 2109 1063 2140; x_wconf 89' lang='lat' dir='ltr'>Numeri</span> 
     </span>
     <span class='ocr_line' id='line_1_45' title="bbox 402 2156 1063 2192; baseline -0.003 -9"><span class='ocrx_word' id='word_1_284' title='bbox 402 2158 510 2183; x_wconf 82' lang='lat' dir='ltr'>notam</span> <span class='ocrx_word' id='word_1_285' title='bbox 535 2158 685 2192; x_wconf 84' lang='lat' dir='ltr'>putarunt</span> <span class='ocrx_word' id='word_1_286' title='bbox 704 2163 781 2189; x_wconf 81' lang='lat' dir='ltr'>esse,</span> <span class='ocrx_word' id='word_1_287' title='bbox 798 2163 878 2191; x_wconf 89' lang='lat' dir='ltr'>quae</span> <span class='ocrx_word' id='word_1_288' title='bbox 902 2163 964 2182; x_wconf 90' lang='lat' dir='ltr'>non</span> <span class='ocrx_word' id='word_1_289' title='bbox 988 2156 1063 2182; x_wconf 80' lang='lat' dir='ltr'>erat.</span> 
     </span>
     <span class='ocr_line' id='line_1_46' title="bbox 404 2195 1063 2234; baseline -0.002 -9"><span class='ocrx_word' id='word_1_290' title='bbox 404 2196 555 2225; x_wconf 81' lang='lat' dir='ltr'>Habebat</span> <span class='ocrx_word' id='word_1_291' title='bbox 570 2196 653 2225; x_wconf 84' lang='lat' dir='ltr'>enim</span> <span class='ocrx_word' id='word_1_292' title='bbox 669 2195 817 2234; x_wconf 82' lang='lat' dir='ltr'>antiquus</span> <span class='ocrx_word' id='word_1_293' title='bbox 833 2196 928 2225; x_wconf 87' lang='lat' dir='ltr'>liber:</span> <span class='ocrx_word' id='word_1_294' title='bbox 950 2199 1063 2233; x_wconf 78' lang='lat' dir='ltr'>septem</span> 
     </span>
     <span class='ocr_line' id='line_1_47' title="bbox 402 2240 1062 2278; baseline -0.002 -11"><span class='ocrx_word' id='word_1_295' title='bbox 402 2240 552 2269; x_wconf 75' lang='lat' dir='ltr'>tabernae</span> <span class='ocrx_word' id='word_1_296' title='bbox 574 2249 655 2278; x_wconf 78' lang='lat' dir='ltr'>quae</span> <span class='ocrx_word' id='word_1_297' title='bbox 674 2242 782 2276; x_wconf 79' lang='lat' dir='ltr'>postea</span> <span class='ocrx_word' id='word_1_298' title='bbox 800 2242 857 2267; x_wconf 78' lang='lat' dir='ltr'>ret.</span> <span class='ocrx_word' id='word_1_299' title='bbox 873 2242 902 2267; x_wconf 79' lang='lat' dir='ltr'>et</span> <span class='ocrx_word' id='word_1_300' title='bbox 917 2242 1062 2275; x_wconf 71' lang='lat' dir='ltr'>aryenta-</span> 
     </span>
     <span class='ocr_line' id='line_1_48' title="bbox 401 2281 1062 2320; baseline -0.002 -11"><span class='ocrx_word' id='word_1_301' title='bbox 401 2282 471 2310; x_wconf 81' lang='lat' dir='ltr'>riae</span> <span class='ocrx_word' id='word_1_302' title='bbox 500 2291 580 2320; x_wconf 79' lang='lat' dir='ltr'>quae</span> <span class='ocrx_word' id='word_1_303' title='bbox 609 2291 695 2310; x_wconf 73' lang='lat' dir='ltr'>nunc</span> <span class='ocrx_word' id='word_1_304' title='bbox 722 2290 822 2310; x_wconf 76' lang='lat' dir='ltr'>novae</span> <span class='ocrx_word' id='word_1_305' title='bbox 847 2281 1062 2318; x_wconf 78' lang='lat' dir='ltr'>appellantur.</span> 
     </span>
     <span class='ocr_line' id='line_1_49' title="bbox 405 2322 1063 2359; baseline -0.002 -7"><span class='ocrx_word' id='word_1_306' title='bbox 405 2322 490 2352; x_wconf 84' lang='lat' dir='ltr'>Nam</span> <span class='ocrx_word' id='word_1_307' title='bbox 514 2326 550 2352; x_wconf 89' lang='lat' dir='ltr'>ut</span> <span class='ocrx_word' id='word_1_308' title='bbox 575 2332 686 2359; x_wconf 75' lang='lat' dir='ltr'>novae,</span> <span class='ocrx_word' id='word_1_309' title='bbox 706 2322 751 2351; x_wconf 87' lang='lat' dir='ltr'>ita</span> <span class='ocrx_word' id='word_1_310' title='bbox 773 2326 892 2351; x_wconf 87' lang='lat' dir='ltr'>veteres</span> <span class='ocrx_word' id='word_1_311' title='bbox 915 2322 1063 2351; x_wconf 86' lang='lat' dir='ltr'>tabernae</span> 
     </span>
     <span class='ocr_line' id='line_1_50' title="bbox 402 2364 1061 2395; baseline -0.002 -2"><span class='ocrx_word' id='word_1_312' title='bbox 402 2364 435 2393; x_wconf 88' lang='lat' dir='ltr'>in</span> <span class='ocrx_word' id='word_1_313' title='bbox 464 2365 531 2394; x_wconf 82' lang='lat' dir='ltr'>soro</span> <span class='ocrx_word' id='word_1_314' title='bbox 561 2368 658 2395; x_wconf 84' lang='lat' dir='ltr'>erant.</span> <span class='ocrx_word' id='word_1_315' title='bbox 713 2364 810 2395; x_wconf 89' lang='lat' dir='ltr'>Unde</span> <span class='ocrx_word' id='word_1_316' title='bbox 840 2365 980 2393; x_wconf 84' lang='lat' dir='ltr'>locorum</span> <span class='ocrx_word' id='word_1_317' title='bbox 1009 2373 1061 2393; x_wconf 90' lang='lat' dir='ltr'>no-</span> 
     </span>
     <span class='ocr_line' id='line_1_51' title="bbox 403 2407 1062 2442; baseline 0 -7"><span class='ocrx_word' id='word_1_318' title='bbox 403 2407 500 2442; x_wconf 83' lang='lat' dir='ltr'>mina,</span> <span class='ocrx_word' id='word_1_319' title='bbox 515 2408 571 2437; x_wconf 82' lang='lat' dir='ltr'>sub</span> <span class='ocrx_word' id='word_1_320' title='bbox 588 2408 743 2438; x_wconf 73' lang='lat' dir='ltr'>veteribus</span> <span class='ocrx_word' id='word_1_321' title='bbox 759 2411 788 2436; x_wconf 83' lang='lat' dir='ltr'>et</span> <span class='ocrx_word' id='word_1_322' title='bbox 804 2407 861 2436; x_wconf 80' lang='lat' dir='ltr'>sub</span> <span class='ocrx_word' id='word_1_323' title='bbox 877 2407 974 2436; x_wconf 78' lang='lat' dir='ltr'>novis.</span> <span class='ocrx_word' id='word_1_324' title='bbox 1020 2407 1062 2435; x_wconf 85' lang='lat' dir='ltr'>At</span> 
     </span>
     <span class='ocr_line' id='line_1_52' title="bbox 404 2447 1061 2486; baseline -0.002 -9"><span class='ocrx_word' id='word_1_325' title='bbox 404 2449 460 2486; x_wconf 85' lang='lat' dir='ltr'>illi,</span> <span class='ocrx_word' id='word_1_326' title='bbox 486 2449 597 2479; x_wconf 84' lang='lat' dir='ltr'>deletis</span> <span class='ocrx_word' id='word_1_327' title='bbox 623 2450 747 2479; x_wconf 88' lang='lat' dir='ltr'>duobus</span> <span class='ocrx_word' id='word_1_328' title='bbox 772 2448 880 2485; x_wconf 80' lang='lat' dir='ltr'>literis,</span> <span class='ocrx_word' id='word_1_329' title='bbox 902 2458 979 2486; x_wconf 86' lang='lat' dir='ltr'>quas</span> <span class='ocrx_word' id='word_1_330' title='bbox 1001 2447 1061 2477; x_wconf 89' lang='lat' dir='ltr'>frn-</span> 
     </span>
     <span class='ocr_line' id='line_1_53' title="bbox 403 2490 1061 2530; baseline 0 -11"><span class='ocrx_word' id='word_1_331' title='bbox 403 2494 463 2521; x_wconf 85' lang='lat' dir='ltr'>stra</span> <span class='ocrx_word' id='word_1_332' title='bbox 487 2492 662 2530; x_wconf 79' lang='lat' dir='ltr'>geminatas</span> <span class='ocrx_word' id='word_1_333' title='bbox 685 2494 848 2530; x_wconf 83' lang='lat' dir='ltr'>putarunt,</span> <span class='ocrx_word' id='word_1_334' title='bbox 863 2490 944 2520; x_wconf 88' lang='lat' dir='ltr'>illud</span> <span class='ocrx_word' id='word_1_335' title='bbox 962 2490 991 2519; x_wconf 82' lang='lat' dir='ltr'>V</span> <span class='ocrx_word' id='word_1_336' title='bbox 1009 2500 1061 2519; x_wconf 85' lang='lat' dir='ltr'>no-</span> 
     </span>
     <span class='ocr_line' id='line_1_54' title="bbox 401 2532 1062 2572; baseline 0 -11"><span class='ocrx_word' id='word_1_337' title='bbox 401 2536 467 2563; x_wconf 75' lang='lat' dir='ltr'>tam</span> <span class='ocrx_word' id='word_1_338' title='bbox 487 2544 552 2564; x_wconf 84' lang='lat' dir='ltr'>esse</span> <span class='ocrx_word' id='word_1_339' title='bbox 568 2534 702 2572; x_wconf 85' lang='lat' dir='ltr'>quinarii</span> <span class='ocrx_word' id='word_1_340' title='bbox 725 2533 846 2563; x_wconf 87' lang='lat' dir='ltr'>numeri</span> <span class='ocrx_word' id='word_1_341' title='bbox 869 2532 1062 2562; x_wconf 86' lang='lat' dir='ltr'>iudicabant.</span> 
     </span>
     <span class='ocr_line' id='line_1_55' title="bbox 402 2574 926 2606; baseline 0 -2"><span class='ocrx_word' id='word_1_342' title='bbox 402 2576 440 2605; x_wconf 85' lang='lat' dir='ltr'>cf.</span> <span class='ocrx_word' id='word_1_343' title='bbox 459 2576 604 2606; x_wconf 82' lang='lat' dir='ltr'>Muretus</span> <span class='ocrx_word' id='word_1_344' title='bbox 621 2576 696 2606; x_wconf 84' lang='lat' dir='ltr'>Var.</span> <span class='ocrx_word' id='word_1_345' title='bbox 714 2576 802 2605; x_wconf 87' lang='lat' dir='ltr'>Lect.</span> <span class='ocrx_word' id='word_1_346' title='bbox 818 2574 880 2605; x_wconf 80' lang='lat' dir='ltr'>xvi.</span> <span class='ocrx_word' id='word_1_347' title='bbox 898 2576 926 2604; x_wconf 84' lang='lat'>8.</span> 
     </span>
    </p>

    <p class='ocr_par' dir='ltr' id='par_1_18' title="bbox 400 2618 1062 2863">
     <span class='ocr_line' id='line_1_56' title="bbox 446 2618 1057 2657; baseline -0.002 -10"><span class='ocrx_word' id='word_1_348' title='bbox 446 2626 462 2655; x_wconf 78' lang='lat'>5</span> <span class='ocrx_word' id='word_1_349' title='bbox 484 2619 595 2657; x_wconf 79' lang='lat' dir='ltr'>Neque</span> <span class='ocrx_word' id='word_1_350' title='bbox 609 2620 692 2648; x_wconf 81' lang='lat' dir='ltr'>em&#39;m</span> <span class='ocrx_word' id='word_1_351' title='bbox 708 2622 771 2647; x_wconf 85' lang='lat' dir='ltr'>tum</span> <span class='ocrx_word' id='word_1_352' title='bbox 789 2618 935 2647; x_wconf 77' lang='lat' dir='ltr'>basilicae</span> <span class='ocrx_word' id='word_1_353' title='bbox 950 2618 1057 2654; x_wconf 78' lang='lat' dir='ltr'>erant]</span> 
     </span>
     <span class='ocr_line' id='line_1_57' title="bbox 404 2658 1062 2698; baseline 0.002 -11"><span class='ocrx_word' id='word_1_354' title='bbox 404 2658 518 2689; x_wconf 80' lang='lat' dir='ltr'>Postea</span> <span class='ocrx_word' id='word_1_355' title='bbox 534 2660 695 2689; x_wconf 78' lang='lat' dir='ltr'>basilicam</span> <span class='ocrx_word' id='word_1_356' title='bbox 716 2670 752 2689; x_wconf 89' lang='lat' dir='ltr'>eo</span> <span class='ocrx_word' id='word_1_357' title='bbox 774 2660 843 2689; x_wconf 91' lang='lat' dir='ltr'>loco</span> <span class='ocrx_word' id='word_1_358' title='bbox 866 2663 937 2698; x_wconf 82' lang='lat' dir='ltr'>post</span> <span class='ocrx_word' id='word_1_359' title='bbox 953 2659 1062 2688; x_wconf 87' lang='lat' dir='ltr'>Novas</span> 
     </span>
     <span class='ocr_line' id='line_1_58' title="bbox 400 2701 1061 2738; baseline 0.003 -10"><span class='ocrx_word' id='word_1_360' title='bbox 400 2701 590 2738; x_wconf 84' lang='lat' dir='ltr'>argentarias</span> <span class='ocrx_word' id='word_1_361' title='bbox 606 2706 797 2731; x_wconf 85' lang='lat' dir='ltr'>exstructam</span> <span class='ocrx_word' id='word_1_362' title='bbox 816 2711 881 2731; x_wconf 86' lang='lat' dir='ltr'>esse</span> <span class='ocrx_word' id='word_1_363' title='bbox 897 2712 915 2730; x_wconf 89' lang='lat' dir='ltr'>a</span> <span class='ocrx_word' id='word_1_364' title='bbox 931 2701 977 2731; x_wconf 89' lang='lat' dir='ltr'>M.</span> <span class='ocrx_word' id='word_1_365' title='bbox 987 2702 1061 2731; x_wconf 90' lang='lat' dir='ltr'>Ful-</span> 
     </span>
     <span class='ocr_line' id='line_1_59' title="bbox 404 2741 1059 2782; baseline 0.005 -13"><span class='ocrx_word' id='word_1_366' title='bbox 404 2741 452 2769; x_wconf 69' lang='lat' dir='ltr'>vio</span> <span class='ocrx_word' id='word_1_367' title='bbox 480 2752 605 2772; x_wconf 80' lang='lat' dir='ltr'>censore</span> <span class='ocrx_word' id='word_1_368' title='bbox 631 2747 785 2773; x_wconf 50' lang='lat' dir='ltr'>memorat¹</span> <span class='ocrx_word' id='word_1_369' title='bbox 812 2743 921 2773; x_wconf 75' lang='lat' dir='ltr'>Livius</span> <span class='ocrx_word' id='word_1_370' title='bbox 943 2743 985 2772; x_wconf 88' lang='lat' dir='ltr'>xl.</span> <span class='ocrx_word' id='word_1_371' title='bbox 1011 2751 1059 2782; x_wconf 79' lang='lat'>51.</span> 
     </span>
     <span class='ocr_line' id='line_1_60' title="bbox 401 2783 1060 2823; baseline 0.005 -12"><span class='ocrx_word' id='word_1_372' title='bbox 401 2783 558 2814; x_wconf 73' lang='lat' dir='ltr'>Basilicae</span> <span class='ocrx_word' id='word_1_373' title='bbox 588 2789 659 2813; x_wconf 88' lang='lat' dir='ltr'>sunt</span> <span class='ocrx_word' id='word_1_374' title='bbox 690 2785 817 2823; x_wconf 85' lang='lat' dir='ltr'>publica</span> <span class='ocrx_word' id='word_1_375' title='bbox 847 2785 1002 2821; x_wconf 81' lang='lat' dir='ltr'>aedificia,</span> <span class='ocrx_word' id='word_1_376' title='bbox 1028 2784 1060 2814; x_wconf 91' lang='lat' dir='ltr'>in</span> 
     </span>
     <span class='ocr_line' id='line_1_61' title="bbox 400 2823 1061 2863; baseline 0.006 -12"><span class='ocrx_word' id='word_1_377' title='bbox 400 2823 513 2862; x_wconf 77' lang='lat' dir='ltr'>quibus</span> <span class='ocrx_word' id='word_1_378' title='bbox 543 2829 700 2856; x_wconf 74' lang='lat' dir='ltr'>senatores</span> <span class='ocrx_word' id='word_1_379' title='bbox 731 2826 914 2863; x_wconf 79' lang='lat' dir='ltr'>deliberare,</span> <span class='ocrx_word' id='word_1_380' title='bbox 943 2826 1061 2856; x_wconf 84' lang='lat' dir='ltr'>iudices</span> 
     </span>
    </p>
   </div>
   <div class='ocr_carea' id='block_1_17' title="bbox 1104 1688 1770 2814">
    <p class='ocr_par' dir='ltr' id='par_1_19' title="bbox 1107 1688 1770 1810">
     <span class='ocr_line' id='line_1_62' title="bbox 1108 1688 1770 1719; baseline 0.002 -1"><span class='ocrx_word' id='word_1_381' title='bbox 1108 1689 1301 1718; x_wconf 70' lang='lat' dir='ltr'>mercatores</span> <span class='ocrx_word' id='word_1_382' title='bbox 1316 1688 1433 1718; x_wconf 87' lang='lat' dir='ltr'>ibidem</span> <span class='ocrx_word' id='word_1_383' title='bbox 1450 1692 1479 1718; x_wconf 87' lang='lat' dir='ltr'>et</span> <span class='ocrx_word' id='word_1_384' title='bbox 1493 1689 1697 1718; x_wconf 83' lang='lat' dir='ltr'>nummularii</span> <span class='ocrx_word' id='word_1_385' title='bbox 1714 1700 1770 1719; x_wconf 81' lang='lat' dir='ltr'>sua</span> 
     </span>
     <span class='ocr_line' id='line_1_63' title="bbox 1107 1730 1768 1769; baseline 0.002 -10"><span class='ocrx_word' id='word_1_386' title='bbox 1107 1731 1285 1760; x_wconf 83' lang='lat' dir='ltr'>tractabant</span> <span class='ocrx_word' id='word_1_387' title='bbox 1319 1730 1454 1769; x_wconf 80' lang='lat' dir='ltr'>negotia.</span> <span class='ocrx_word' id='word_1_388' title='bbox 1486 1731 1590 1761; x_wconf 69' lang='lat' dir='ltr'>CREV.</span> <span class='ocrx_word' id='word_1_389' title='bbox 1635 1731 1674 1761; x_wconf 90' lang='lat' dir='ltr'>cf.</span> <span class='ocrx_word' id='word_1_390' title='bbox 1697 1731 1768 1761; x_wconf 84' lang='lat' dir='ltr'>infr.</span> 
     </span>
     <span class='ocr_line' id='line_1_64' title="bbox 1108 1771 1450 1810; baseline 0.003 -9"><span class='ocrx_word' id='word_1_391' title='bbox 1108 1772 1217 1802; x_wconf 80' lang='lat' dir='ltr'>xxxix.</span> <span class='ocrx_word' id='word_1_392' title='bbox 1235 1784 1283 1810; x_wconf 81' lang='lat'>44.</span> <span class='ocrx_word' id='word_1_393' title='bbox 1308 1772 1383 1802; x_wconf 75' lang='lat' dir='ltr'>xliv.</span> <span class='ocrx_word' id='word_1_394' title='bbox 1404 1771 1450 1802; x_wconf 87' lang='lat'>16.</span> 
     </span>
    </p>

    <p class='ocr_par' dir='ltr' id='par_1_20' title="bbox 1107 1813 1768 2098">
     <span class='ocr_line' id='line_1_65' title="bbox 1150 1813 1767 1853; baseline 0.002 -10"><span class='ocrx_word' id='word_1_395' title='bbox 1150 1813 1169 1844; x_wconf 85' lang='lat'>6</span> <span class='ocrx_word' id='word_1_396' title='bbox 1190 1815 1395 1852; x_wconf 84' lang='lat' dir='ltr'>Lautumiae]</span> <span class='ocrx_word' id='word_1_397' title='bbox 1415 1813 1546 1852; x_wconf 85' lang='lat' dir='ltr'>Proprie</span> <span class='ocrx_word' id='word_1_398' title='bbox 1558 1815 1638 1851; x_wconf 82' lang='lat' dir='ltr'>loca,</span> <span class='ocrx_word' id='word_1_399' title='bbox 1648 1824 1687 1844; x_wconf 88' lang='lat' dir='ltr'>ex</span> <span class='ocrx_word' id='word_1_400' title='bbox 1700 1814 1767 1853; x_wconf 89' lang='lat' dir='ltr'>qui—</span> 
     </span>
     <span class='ocr_line' id='line_1_66' title="bbox 1107 1856 1768 1895; baseline 0.002 -10"><span class='ocrx_word' id='word_1_401' title='bbox 1107 1857 1166 1886; x_wconf 78' lang='lat' dir='ltr'>bus</span> <span class='ocrx_word' id='word_1_402' title='bbox 1189 1856 1284 1886; x_wconf 84' lang='lat' dir='ltr'>excisi</span> <span class='ocrx_word' id='word_1_403' title='bbox 1306 1860 1379 1887; x_wconf 82' lang='lat' dir='ltr'>sunt</span> <span class='ocrx_word' id='word_1_404' title='bbox 1403 1856 1535 1894; x_wconf 80' lang='lat' dir='ltr'>lapides,</span> <span class='ocrx_word' id='word_1_405' title='bbox 1556 1866 1573 1885; x_wconf 86' lang='lat' dir='ltr'>a</span> <span class='ocrx_word' id='word_1_406' title='bbox 1597 1856 1654 1886; x_wconf 82' lang='grc' dir='ltr'>λᾶς</span> <span class='ocrx_word' id='word_1_407' title='bbox 1675 1856 1768 1895; x_wconf 83' lang='lat' dir='ltr'>lapis,</span> 
     </span>
     <span class='ocr_line' id='line_1_67' title="bbox 1108 1897 1768 1935; baseline 0 -7"><span class='ocrx_word' id='word_1_408' title='bbox 1108 1902 1139 1928; x_wconf 85' lang='lat' dir='ltr'>et</span> <span class='ocrx_word' id='word_1_409' title='bbox 1154 1897 1252 1935; x_wconf 79' lang='grc' dir='ltr'>τέμνω</span> <span class='ocrx_word' id='word_1_410' title='bbox 1268 1899 1375 1928; x_wconf 85' lang='lat' dir='ltr'>caedo.</span> <span class='ocrx_word' id='word_1_411' title='bbox 1420 1898 1472 1927; x_wconf 78' lang='lat' dir='ltr'>Sic</span> <span class='ocrx_word' id='word_1_412' title='bbox 1493 1899 1665 1928; x_wconf 61' lang='lat' dir='ltr'>vocabatur</span> <span class='ocrx_word' id='word_1_413' title='bbox 1685 1909 1768 1929; x_wconf 85' lang='lat' dir='ltr'>unus</span> 
     </span>
     <span class='ocr_line' id='line_1_68' title="bbox 1108 1940 1767 1978; baseline 0.002 -8"><span class='ocrx_word' id='word_1_414' title='bbox 1108 1951 1147 1970; x_wconf 85' lang='lat' dir='ltr'>ex</span> <span class='ocrx_word' id='word_1_415' title='bbox 1171 1940 1345 1970; x_wconf 84' lang='lat' dir='ltr'>carceribus</span> <span class='ocrx_word' id='word_1_416' title='bbox 1364 1940 1460 1975; x_wconf 85' lang='lat' dir='ltr'>urbis,</span> <span class='ocrx_word' id='word_1_417' title='bbox 1477 1941 1560 1978; x_wconf 84' lang='lat' dir='ltr'>quod</span> <span class='ocrx_word' id='word_1_418' title='bbox 1580 1940 1612 1970; x_wconf 88' lang='grc'>111</span> <span class='ocrx_word' id='word_1_419' title='bbox 1631 1951 1668 1970; x_wconf 88' lang='lat' dir='ltr'>eo</span> <span class='ocrx_word' id='word_1_420' title='bbox 1684 1940 1767 1971; x_wconf 86' lang='lat' dir='ltr'>vide-</span> 
     </span>
     <span class='ocr_line' id='line_1_69' title="bbox 1108 1982 1768 2021; baseline 0.003 -10"><span class='ocrx_word' id='word_1_421' title='bbox 1108 1983 1182 2012; x_wconf 85' lang='lat' dir='ltr'>licet</span> <span class='ocrx_word' id='word_1_422' title='bbox 1214 1982 1405 2021; x_wconf 83' lang='lat' dir='ltr'>lapidicinae</span> <span class='ocrx_word' id='word_1_423' title='bbox 1433 1983 1568 2013; x_wconf 79' lang='lat' dir='ltr'>fuerant.</span> <span class='ocrx_word' id='word_1_424' title='bbox 1623 1983 1768 2014; x_wconf 83' lang='lat' dir='ltr'>Carceris</span> 
     </span>
     <span class='ocr_line' id='line_1_70' title="bbox 1108 2024 1767 2055; baseline 0.002 -1"><span class='ocrx_word' id='word_1_425' title='bbox 1108 2027 1335 2054; x_wconf 80' lang='lat' dir='ltr'>lautumiarum</span> <span class='ocrx_word' id='word_1_426' title='bbox 1363 2025 1398 2054; x_wconf 85' lang='lat' dir='ltr'>fit</span> <span class='ocrx_word' id='word_1_427' title='bbox 1424 2024 1543 2054; x_wconf 83' lang='lat' dir='ltr'>mentio</span> <span class='ocrx_word' id='word_1_428' title='bbox 1573 2024 1642 2054; x_wconf 87' lang='lat' dir='ltr'>infr.</span> <span class='ocrx_word' id='word_1_429' title='bbox 1669 2025 1767 2055; x_wconf 81' lang='lat' dir='ltr'>xxxii.</span> 
     </span>
     <span class='ocr_line' id='line_1_71' title="bbox 1109 2066 1721 2098; baseline 0 -1"><span class='ocrx_word' id='word_1_430' title='bbox 1109 2066 1158 2097; x_wconf 73' lang='lat'>26.</span> <span class='ocrx_word' id='word_1_431' title='bbox 1182 2068 1285 2097; x_wconf 72' lang='lat' dir='ltr'>CREv.</span> <span class='ocrx_word' id='word_1_432' title='bbox 1317 2067 1355 2097; x_wconf 83' lang='lat' dir='ltr'>cf.</span> <span class='ocrx_word' id='word_1_433' title='bbox 1373 2067 1486 2096; x_wconf 83' lang='lat' dir='ltr'>Festus</span> <span class='ocrx_word' id='word_1_434' title='bbox 1502 2077 1529 2097; x_wconf 74' lang='lat' dir='ltr'>v.</span> <span class='ocrx_word' id='word_1_435' title='bbox 1545 2068 1721 2098; x_wconf 80' lang='lat' dir='ltr'>Latumz&#39;as.</span> 
     </span>
    </p>

    <p class='ocr_par' dir='ltr' id='par_1_21' title="bbox 1107 2109 1769 2274">
     <span class='ocr_line' id='line_1_72' title="bbox 1153 2109 1768 2149; baseline 0.002 -11"><span class='ocrx_word' id='word_1_436' title='bbox 1153 2118 1168 2148; x_wconf 92' lang='lat'>7</span> <span class='ocrx_word' id='word_1_437' title='bbox 1194 2111 1373 2149; x_wconf 62' lang='lat' dir='ltr'>For-umque</span> <span class='ocrx_word' id='word_1_438' title='bbox 1395 2110 1618 2147; x_wconf 77' lang='lat' dir='ltr'>piscatorium]</span> <span class='ocrx_word' id='word_1_439' title='bbox 1651 2109 1768 2139; x_wconf 88' lang='lat' dir='ltr'>Secun-</span> 
     </span>
     <span class='ocr_line' id='line_1_73' title="bbox 1108 2150 1769 2190; baseline 0.002 -9"><span class='ocrx_word' id='word_1_440' title='bbox 1108 2152 1183 2181; x_wconf 84' lang='lat' dir='ltr'>dum</span> <span class='ocrx_word' id='word_1_441' title='bbox 1200 2151 1341 2181; x_wconf 88' lang='lat' dir='ltr'>Tiberim</span> <span class='ocrx_word' id='word_1_442' title='bbox 1358 2152 1397 2181; x_wconf 88' lang='lat' dir='ltr'>ad</span> <span class='ocrx_word' id='word_1_443' title='bbox 1415 2151 1544 2181; x_wconf 90' lang='lat' dir='ltr'>Iunium</span> <span class='ocrx_word' id='word_1_444' title='bbox 1558 2150 1691 2190; x_wconf 87' lang='lat' dir='ltr'>(Ianum</span> <span class='ocrx_word' id='word_1_445' title='bbox 1702 2152 1769 2190; x_wconf 87' lang='lat' dir='ltr'>qui-</span> 
     </span>
     <span class='ocr_line' id='line_1_74' title="bbox 1109 2193 1768 2233; baseline 0.003 -10"><span class='ocrx_word' id='word_1_446' title='bbox 1109 2193 1198 2233; x_wconf 83' lang='lat' dir='ltr'>dam)</span> <span class='ocrx_word' id='word_1_447' title='bbox 1212 2194 1329 2223; x_wconf 88' lang='lat' dir='ltr'>Forum</span> <span class='ocrx_word' id='word_1_448' title='bbox 1344 2193 1518 2223; x_wconf 80' lang='lat' dir='ltr'>Piscarium</span> <span class='ocrx_word' id='word_1_449' title='bbox 1531 2198 1655 2224; x_wconf 87' lang='lat' dir='ltr'>vocant.</span> <span class='ocrx_word' id='word_1_450' title='bbox 1677 2193 1768 2226; x_wconf 83' lang='lat' dir='ltr'>Varr.</span> 
     </span>
     <span class='ocr_line' id='line_1_75' title="bbox 1107 2236 1366 2274; baseline -0.004 -8"><span class='ocrx_word' id='word_1_451' title='bbox 1107 2237 1146 2266; x_wconf 86' lang='lat' dir='ltr'>de</span> <span class='ocrx_word' id='word_1_452' title='bbox 1164 2237 1200 2266; x_wconf 91' lang='lat' dir='ltr'>L.</span> <span class='ocrx_word' id='word_1_453' title='bbox 1219 2236 1255 2266; x_wconf 87' lang='lat' dir='ltr'>L.</span> <span class='ocrx_word' id='word_1_454' title='bbox 1272 2246 1299 2266; x_wconf 81' lang='lat' dir='ltr'>v.</span> <span class='ocrx_word' id='word_1_455' title='bbox 1319 2245 1366 2274; x_wconf 79' lang='lat'>3²·</span> 
     </span>
    </p>

    <p class='ocr_par' dir='ltr' id='par_1_22' title="bbox 1105 2276 1768 2520">
     <span class='ocr_line' id='line_1_76' title="bbox 1149 2276 1767 2318; baseline 0 -10"><span class='ocrx_word' id='word_1_456' title='bbox 1149 2279 1166 2308; x_wconf 79' lang='lat'>8</span> <span class='ocrx_word' id='word_1_457' title='bbox 1189 2279 1317 2308; x_wconf 78' lang='lat' dir='ltr'>Atrium</span> <span class='ocrx_word' id='word_1_458' title='bbox 1334 2278 1471 2316; x_wconf 74' lang='lat' dir='ltr'>reyium]</span> <span class='ocrx_word' id='word_1_459' title='bbox 1502 2276 1628 2307; x_wconf 85' lang='lat' dir='ltr'>Atrium</span> <span class='ocrx_word' id='word_1_460' title='bbox 1646 2277 1767 2318; x_wconf 87' lang='lat' dir='ltr'>regium</span> 
     </span>
     <span class='ocr_line' id='line_1_77' title="bbox 1108 2319 1768 2359; baseline 0.002 -10"><span class='ocrx_word' id='word_1_461' title='bbox 1108 2320 1237 2350; x_wconf 78' lang='lat' dir='ltr'>Numae</span> <span class='ocrx_word' id='word_1_462' title='bbox 1248 2320 1409 2359; x_wconf 84' lang='lat' dir='ltr'>Pompilii.</span> <span class='ocrx_word' id='word_1_463' title='bbox 1447 2319 1548 2359; x_wconf 86' lang='lat' dir='ltr'>Regia</span> <span class='ocrx_word' id='word_1_464' title='bbox 1561 2320 1689 2350; x_wconf 84' lang='lat' dir='ltr'>Numae</span> <span class='ocrx_word' id='word_1_465' title='bbox 1701 2324 1768 2350; x_wconf 87' lang='lat' dir='ltr'>erat</span> 
     </span>
     <span class='ocr_line' id='line_1_78' title="bbox 1106 2361 1767 2401; baseline 0 -10"><span class='ocrx_word' id='word_1_466' title='bbox 1106 2372 1204 2401; x_wconf 86' lang='lat' dir='ltr'>prope</span> <span class='ocrx_word' id='word_1_467' title='bbox 1230 2363 1340 2392; x_wconf 85' lang='lat' dir='ltr'>aedem</span> <span class='ocrx_word' id='word_1_468' title='bbox 1363 2363 1494 2399; x_wconf 82' lang='lat' dir='ltr'>Vestae,</span> <span class='ocrx_word' id='word_1_469' title='bbox 1514 2361 1603 2392; x_wconf 87' lang='lat' dir='ltr'>cuius</span> <span class='ocrx_word' id='word_1_470' title='bbox 1625 2362 1706 2392; x_wconf 88' lang='lat' dir='ltr'>infra</span> <span class='ocrx_word' id='word_1_471' title='bbox 1731 2362 1767 2392; x_wconf 87' lang='lat' dir='ltr'>fit</span> 
     </span>
     <span class='ocr_line' id='line_1_79' title="bbox 1106 2403 1766 2443; baseline 0.002 -10"><span class='ocrx_word' id='word_1_472' title='bbox 1106 2405 1235 2435; x_wconf 85' lang='lat' dir='ltr'>mentio.</span> <span class='ocrx_word' id='word_1_473' title='bbox 1280 2405 1330 2435; x_wconf 85' lang='lat' dir='ltr'>Sic</span> <span class='ocrx_word' id='word_1_474' title='bbox 1347 2414 1471 2443; x_wconf 90' lang='lat' dir='ltr'>quoque</span> <span class='ocrx_word' id='word_1_475' title='bbox 1491 2405 1578 2443; x_wconf 86' lang='lat' dir='ltr'>apud</span> <span class='ocrx_word' id='word_1_476' title='bbox 1595 2403 1766 2434; x_wconf 87' lang='lat' dir='ltr'>Horatium</span> 
     </span>
     <span class='ocr_line' id='line_1_80' title="bbox 1107 2447 1766 2486; baseline 0.002 -10"><span class='ocrx_word' id='word_1_477' title='bbox 1107 2470 1114 2477; x_wconf 94' lang='lat'>.</span> <span class='ocrx_word' id='word_1_478' title='bbox 1133 2470 1140 2476; x_wconf 87' lang='lat'>.</span> <span class='ocrx_word' id='word_1_479' title='bbox 1156 2470 1162 2476; x_wconf 92' lang='lat'>.</span> <span class='ocrx_word' id='word_1_480' title='bbox 1179 2451 1377 2477; x_wconf 53' lang='lat' dir='ltr'>‘monumenta</span> <span class='ocrx_word' id='word_1_481' title='bbox 1388 2448 1494 2485; x_wconf 74' lang='lat' dir='ltr'>Reyis,</span> <span class='ocrx_word' id='word_1_482' title='bbox 1507 2447 1694 2486; x_wconf 80' lang='lat' dir='ltr'>Templaque</span> <span class='ocrx_word' id='word_1_483' title='bbox 1713 2447 1740 2476; x_wconf 85' lang='lat' dir='ltr'><em>V</em></span> <span class='ocrx_word' id='word_1_484' title='bbox 1736 2457 1766 2478; x_wconf 85' lang='lat' dir='ltr'>e-</span> 
     </span>
     <span class='ocr_line' id='line_1_81' title="bbox 1105 2490 1308 2520; baseline 0 -1"><span class='ocrx_word' id='word_1_485' title='bbox 1105 2494 1181 2519; x_wconf 81' lang='lat' dir='ltr'>stae.</span> <span class='ocrx_word' id='word_1_486' title='bbox 1205 2490 1308 2520; x_wconf 68' lang='lat' dir='ltr'>CREV.</span> 
     </span>
    </p>

    <p class='ocr_par' dir='ltr' id='par_1_23' title="bbox 1104 2530 1765 2646">
     <span class='ocr_line' id='line_1_82' title="bbox 1148 2530 1765 2571; baseline -0.002 -10"><span class='ocrx_word' id='word_1_487' title='bbox 1148 2542 1167 2571; x_wconf 89' lang='lat'>9</span> <span class='ocrx_word' id='word_1_488' title='bbox 1189 2533 1291 2562; x_wconf 81' lang='lat' dir='ltr'>Aedes</span> <span class='ocrx_word' id='word_1_489' title='bbox 1312 2532 1434 2568; x_wconf 75' lang='lat' dir='ltr'>Vestae]</span> <span class='ocrx_word' id='word_1_490' title='bbox 1469 2530 1562 2566; x_wconf 79' lang='lat' dir='ltr'>Quae</span> <span class='ocrx_word' id='word_1_491' title='bbox 1580 2530 1613 2560; x_wconf 87' lang='grc'>111</span> <span class='ocrx_word' id='word_1_492' title='bbox 1627 2530 1696 2569; x_wconf 73' lang='lat' dir='ltr'>ripa</span> <span class='ocrx_word' id='word_1_493' title='bbox 1711 2530 1765 2560; x_wconf 86' lang='lat' dir='ltr'>Ti-</span> 
     </span>
     <span class='ocr_line' id='line_1_83' title="bbox 1104 2572 1765 2612; baseline 0 -9"><span class='ocrx_word' id='word_1_494' title='bbox 1104 2574 1186 2604; x_wconf 84' lang='lat' dir='ltr'>beris</span> <span class='ocrx_word' id='word_1_495' title='bbox 1208 2573 1324 2612; x_wconf 81' lang='lat' dir='ltr'>effigies</span> <span class='ocrx_word' id='word_1_496' title='bbox 1347 2572 1469 2612; x_wconf 82' lang='lat' dir='ltr'>pristini</span> <span class='ocrx_word' id='word_1_497' title='bbox 1492 2573 1539 2602; x_wconf 90' lang='lat' dir='ltr'>sui</span> <span class='ocrx_word' id='word_1_498' title='bbox 1559 2573 1688 2610; x_wconf 81' lang='lat' dir='ltr'>decoris,</span> <span class='ocrx_word' id='word_1_499' title='bbox 1711 2573 1765 2603; x_wconf 86' lang='lat' dir='ltr'>ad-</span> 
     </span>
     <span class='ocr_line' id='line_1_84' title="bbox 1105 2616 1328 2646; baseline -0.004 0"><span class='ocrx_word' id='word_1_500' title='bbox 1105 2616 1167 2646; x_wconf 88' lang='lat' dir='ltr'>huc</span> <span class='ocrx_word' id='word_1_501' title='bbox 1183 2616 1328 2646; x_wconf 84' lang='lat' dir='ltr'>cernitur.</span> 
     </span>
    </p>

    <p class='ocr_par' dir='ltr' id='par_1_24' title="bbox 1105 2656 1764 2814">
     <span class='ocr_line' id='line_1_85' title="bbox 1151 2656 1764 2697; baseline -0.003 -9"><span class='ocrx_word' id='word_1_502' title='bbox 1151 2668 1162 2688; x_wconf 93' lang='lat'>1</span> <span class='ocrx_word' id='word_1_503' title='bbox 1188 2659 1230 2688; x_wconf 80' lang='lat' dir='ltr'>In</span> <span class='ocrx_word' id='word_1_504' title='bbox 1249 2659 1412 2697; x_wconf 78' lang='lat' dir='ltr'>publicum</span> <span class='ocrx_word' id='word_1_505' title='bbox 1434 2657 1600 2696; x_wconf 78' lang='lat' dir='ltr'>redempti]</span> <span class='ocrx_word' id='word_1_506' title='bbox 1626 2656 1764 2687; x_wconf 88' lang='lat' dir='ltr'>Redem-</span> 
     </span>
     <span class='ocr_line' id='line_1_86' title="bbox 1106 2696 1763 2739; baseline -0.006 -9"><span class='ocrx_word' id='word_1_507' title='bbox 1106 2700 1163 2739; x_wconf 84' lang='lat' dir='ltr'>pti,</span> <span class='ocrx_word' id='word_1_508' title='bbox 1182 2704 1217 2730; x_wconf 82' lang='lat' dir='ltr'>ut</span> <span class='ocrx_word' id='word_1_509' title='bbox 1238 2700 1270 2729; x_wconf 91' lang='lat' dir='ltr'>in</span> <span class='ocrx_word' id='word_1_510' title='bbox 1294 2702 1450 2738; x_wconf 81' lang='lat' dir='ltr'>potestate</span> <span class='ocrx_word' id='word_1_511' title='bbox 1473 2699 1596 2738; x_wconf 88' lang='lat' dir='ltr'>populi,</span> <span class='ocrx_word' id='word_1_512' title='bbox 1618 2708 1680 2728; x_wconf 90' lang='lat' dir='ltr'>non</span> <span class='ocrx_word' id='word_1_513' title='bbox 1703 2696 1763 2736; x_wconf 90' lang='lat' dir='ltr'>pri-</span> 
     </span>
     <span class='ocr_line' id='line_1_87' title="bbox 1105 2741 1763 2778; baseline -0.005 -6"><span class='ocrx_word' id='word_1_514' title='bbox 1105 2746 1247 2772; x_wconf 73' lang='lat' dir='ltr'>vatorum</span> <span class='ocrx_word' id='word_1_515' title='bbox 1263 2741 1461 2772; x_wconf 85' lang='lat' dir='ltr'>dominorum</span> <span class='ocrx_word' id='word_1_516' title='bbox 1478 2744 1590 2778; x_wconf 88' lang='lat' dir='ltr'>essent,</span> <span class='ocrx_word' id='word_1_517' title='bbox 1602 2749 1638 2769; x_wconf 88' lang='lat' dir='ltr'>ac</span> <span class='ocrx_word' id='word_1_518' title='bbox 1654 2742 1763 2778; x_wconf 84' lang='lat' dir='ltr'>postea</span> 
     </span>
     <span class='ocr_line' id='line_1_88' title="bbox 1105 2783 1426 2814; baseline -0.003 0"><span class='ocrx_word' id='word_1_519' title='bbox 1105 2783 1298 2814; x_wconf 83' lang='lat' dir='ltr'>manumissi.</span> <span class='ocrx_word' id='word_1_520' title='bbox 1323 2784 1426 2814; x_wconf 79' lang='lat' dir='ltr'>CREv.</span> 
     </span>
    </p>
   </div>
  </div>
 </body>
</html>
