1877 3178
892 87 1037 129 ΤΙΤΙ
1079 87 1248 129 LIVII

179 189 223 220 U.
240 188 278 220 C.
302 196 373 228 54²-
385 177 504 227 facta,
546 192 651 233 quae
692 193 777 219 non
816 193 963 233 operae
1003 177 1183 233 pretium
1222 185 1284 218 est
1322 178 1461 219 omnia
1499 193 1751 220 enumerare.

178 232 217 262 Α·
240 232 277 263 C·
303 241 372 262 2¹0·
387 239 399 257 ⁶
387 234 606 315 5Aliorum
622 236 730 276 bona
749 235 1020 291 publicanda:
1054 234 1163 290 ipsos
1183 234 1286 275 l1be1
1288 250 1413 289 osque
1431 250 1574 276 eorum
1595 245 1636 277 et
1655 251 1755 277 con-

411 292 527 348 iuges
546 292 798 341 vendendas,
820 301 936 333 extra
951 291 1066 340 filias,
1089 307 1194 347 quae
1216 292 1475 347 enupsissent
1490 293 1614 347 prius,
1629 308 1753 348 quam
1769 311 1785 331 2

387 354 399 372 ⁶
414 349 457 389 in
455 326 627 405 Opopuli
651 349 830 390 Romani
859 357 1101 404 potestatem
1122 348 1321 389 venilent.
1383 348 1538 389 Alios
1528 364 1572 389 m
1591 349 1756 391 vincula

387 406 663 455 ⁶condendos,
693 422 738 447 ac
771 406 823 447 de
855 406 919 446 his
947 406 1148 461 posterius
1178 405 1489 446 consulendum.
1495 406 1504 423 '
1563 405 1754 447 Aliorum

389 462 696 519 Campanorum
732 478 934 504 summam
967 463 1091 503 etiam
1124 477 1269 503 census
1301 462 1591 512 distinxerunt,
1619 463 1786 518 publi-3

385 520 517 560 canda
536 535 667 561 necne
684 521 792 561 bona
813 528 969 568 essent3
1004 525 1015 543 ⁶
1028 535 1159 575 pecua
1179 519 1350 575 captiva,
1372 528 1536 575 praeter
1551 534 1691 575 equos,
1713 528 1755 560 et

387 582 399 600 ⁶
415 578 630 633 mancipia,
648 586 810 632 praeter
824 578 999 632 puberes
1016 577 1142 617 virilis
1156 592 1289 625 sexus,
1311 585 1353 617 et
1373 577 1524 626 omnia,
1542 591 1647 631 quae
1669 577 1755 618 solo

387 639 399 657 ⁶
415 649 499 675 non
548 635 872 684 continerentur,
913 634 1191 682 restituenda?
1230 643 1493 683 censuerunt,
1537 640 1547 657 ⁶
1564 633 1752 674 dominis.

387 690 649 747 ‘Campanos
680 706 835 740 omnes,
865 691 1093 739 Atellanos,
1126 690 1349 739 Calatinos,
1379 690 1606 740 Sabatinos,
1638 699 1787 740 extra4

387 753 399 770 ⁶
415 763 551 803 quam,
589 748 661 803 qui
700 763 855 797 eorum,
893 757 963 788 aut
1003 748 1080 803 ipsi
1119 756 1189 788 aut
1224 756 1413 803 parentes
1452 763 1607 797 eorum,
1644 748 1755 803 apud

387 810 399 827 ⁶
415 805 551 846 hostes
576 814 724 854 essent,
746 805 894 846 liberos
922 806 1033 854 esse,'
1054 805 1269 853 iusserunt,
1294 810 1304 827 ⁶
1321 805 1377 845 ita
1398 814 1444 845 ut
1468 820 1590 845 nemo
1612 820 1755 845 eorum

388 866 400 884 ⁶
415 862 514 902 civis
532 862 758 911 Romanus,
774 871 845 902 aut
861 862 1001 902 Latini
1018 862 1196 902 nominis
1209 870 1336 902 esset:
1370 877 1472 902 neve
1490 862 1581 917 quis
1598 877 1753 911 eorum,

389 919 485 974 ‘qui
509 919 678 974 Capuae
704 919 887 967 fuissent,
910 918 1010 959 dum
1040 929 1181 973 portae
1214 918 1373 959 clausae
1405 927 1551 967 essent,
1577 919 1621 958 in
1654 919 1753 959 urbe

389 980 401 998 ⁶
415 991 561 1030 agrove
586 975 801 1030 Campano
823 976 930 1015 intra
950 984 1102 1015 certam
1123 975 1235 1015 diem
1255 984 1449 1016 maneret.
1511 975 1660 1024 Locus,
1683 975 1754 1016 ubi

388 1037 400 1055 ⁶
415 1032 659 1080 habitarent,
686 1041 796 1072 trans
826 1032 1027 1080 Tiberim,
1056 1032 1127 1086 qui
1155 1047 1239 1072 non
1267 1033 1526 1087 contingeret
1554 1032 1752 1081 Tiberim,

387 1094 398 1111 ⁶
412 1089 587 1129 daretur.
654 1088 739 1136 Qui
762 1103 837 1129 nec
862 1087 1044 1143 Capuae,
1067 1103 1143 1128 nec
1165 1089 1208 1128 in
1230 1089 1329 1129 urbe
1354 1088 1581 1144 Campana,
1604 1104 1709 1144 quae
1731 1104 1755 1129 a

387 1145 568 1201 ‘populo
606 1145 797 1185 Romano
830 1144 1057 1194 defecisset,
1098 1160 1172 1200 per
1202 1145 1357 1185 bellum
1388 1144 1571 1194 fuissent,
1600 1161 1668 1186 eos
1698 1146 1755 1186 cis

387 1208 398 1225 ⁶
416 1203 546 1242 Lirim
561 1217 724 1243 amnem
747 1202 924 1242 Romam
938 1217 1100 1249 versus;
1134 1201 1205 1256 qui
1221 1202 1272 1242 ad
1296 1202 1504 1242 Romanos
1518 1202 1756 1242 transissent

387 1260 541 1315 ⁶prius,
574 1274 698 1314 quam
738 1258 949 1299 Hannibal
988 1258 1177 1314 Capuam
1208 1259 1379 1308 veniret,
1411 1259 1468 1299 cis
1498 1258 1754 1299 Vulturnum

386 1316 690 1365 ‘emovendos,'
719 1325 990 1357 censuerunt:
1035 1322 1113 1356 ‘ne
1145 1316 1236 1371 quis
1267 1331 1408 1356 eorum
1442 1316 1609 1371 propius
1643 1330 1754 1356 mare

387 1379 398 1396 ⁶
415 1374 652 1428 quindecim
676 1373 855 1413 millibus
881 1388 1074 1428 passuum
1096 1388 1238 1427 agrum
1260 1373 1544 1414 aedificiumve
1571 1373 1752 1414 haberet.

387 1435 399 1453 ⁶
418 1430 503 1478 Qui
529 1446 670 1471 eorum
700 1439 809 1471 trans
832 1430 1017 1471 sibenin
1042 1430 1169 1470 emoti
1197 1439 1344 1479 essent,
1366 1445 1418 1470 ne
1447 1430 1523 1485 ipsi
1551 1430 1752 1485 posterive

386 1493 553 1528 ‘eorum
586 1488 745 1542 uspiam
774 1496 965 1543 pararent
996 1487 1256 1536 haberentve,
1286 1487 1364 1527 nisi
1395 1487 1437 1527 in
1463 1486 1654 1536 Veiente,
1683 1495 1783 1551 aut5

386 1550 399 1567 ⁶
417 1543 597 1592 Sutrino,
614 1543 878 1599 Nepesinove
893 1559 1011 1599 agr:o
1046 1544 1145 1584 dum
1167 1559 1218 1585 ne
1241 1545 1308 1585 cui
1329 1544 1468 1593 maior,
1487 1559 1610 1599 quam
1631 1544 1755 1599 quin-

386 1601 611 1656 ‘quaginta
631 1601 831 1656 iugerum,
850 1601 934 1655 agri
916 1580 1094 1641 0modus
1115 1609 1230 1641 esset.
1296 1600 1539 1642 Senatorum
1554 1601 1752 1650 omnium,

387 1663 398 1681 ⁶
414 1658 570 1713 quique
603 1658 860 1712 magistratus
873 1634 1076 1721 CCapuae,
1104 1657 1279 1706 Atellae,
1307 1657 1491 1698 Calatiae
1521 1658 1752 1713 gessissent,

386 1720 398 1738 ⁶
413 1715 522 1755 bona
553 1714 692 1755 venire
728 1713 925 1769 Capuae,
964 1714 1190 1754 iusser2unt
1236 1720 1247 1737 ⁶
1262 1715 1389 1754 libera
1428 1729 1609 1769 corpora,
1647 1730 1752 1778 quae

386 1777 398 1795 ⁶
413 1771 641 1812 venundari
680 1771 899 1826 placuerat,
939 1771 1116 1811 Romam
1156 1771 1275 1819 mitti,
1317 1786 1363 1811 ac
1405 1771 1562 1811 Romae
1598 1771 1749 1811 venire.

387 1835 398 1852 ⁶
417 1828 554 1884 Signa,
576 1836 781 1869 statuas‘z
758 1843 917 1875 aeneas,
940 1843 1045 1882 quae
1073 1836 1192 1882 capta
1212 1827 1263 1867 de
1294 1827 1478 1868 hostibus
1503 1827 1750 1876 dicerentur,

387 1891 519 1940 ‘quae
541 1900 683 1926 eorum
713 1900 826 1925 sacra
850 1900 895 1924 ac
916 1884 1086 1940 plofana
1113 1892 1261 1933 essent,
1284 1884 1335 1925 ad
1360 1884 1603 1940 pontificum
1629 1883 1752 1925 colle-

386 1948 398 1966 ⁶
413 1943 545 1997 gium’
566 1942 808 1983 reiecerunt.
874 1941 925 1982 Ol
926 1957 940 1981 )
962 1941 1063 1982 haec
1084 1941 1248 1981 decreta
1272 1941 1506 1981 maestiores
1527 1940 1750 1996 aliquanto,

385 2014 509 2054 quam
536 1999 713 2039 Romam
734 2009 945 2046 venerant,
971 1997 1206 2053 Campanos
1231 1997 1485 2038 dimiserunt.
1548 1997 1640 2038 Nec
1670 1998 1752 2038 iam

388 2056 440 2103 Q.
460 2056 593 2096 Fulvii
614 2056 823 2096 saevitiam
845 2055 887 2095 in
909 2070 1008 2103 sese,
1023 2055 1095 2095 sed
1116 2055 1377 2110 iniquitatem
1391 2054 1515 2095 deum
1537 2063 1659 2110 atque
1681 2069 1753 2095 ex-

386 2112 622 2153 secrabilem
644 2113 850 2153 fortunam
871 2127 986 2152 suam
1007 2112 1260 2152 incusabant.

241 2175 307 2213 35.
442 2169 632 2209 Dimissis
653 2169 799 2210 Siculis
816 2169 1136 2224 Campanisque,
1155 2168 1338 2209 delectus
1353 2168 1527 2209 habitus.
1592 2167 1752 2224 Scripto

385 2226 536 2267 deinde
572 2227 769 2274 exercitu,
800 2226 851 2266 dc
889 2226 1092 2281 remigum
1122 2225 1409 2281 supplemento
1445 2225 1510 2280 agi
1546 2233 1749 2280 coeptum.

388 92 470 129 320

428 2364 444 2384 φ,
467 2355 698 2394 Εηυρεὶεεεηέ]
724 2364 765 2384 sc.
783 2353 811 2383 E
833 2352 929 2392 patris
951 2354 1045 2383 domo

385 2407 441 2436 per
455 2397 583 2436 nuptias
600 2396 758 2426 exiissent.

1089 2357 1274 2392 sequuntur,
1287 2356 1374 2392 patet
1388 2352 1526 2390 Livium,
1537 2353 1613 2382 dum
1629 2352 1752 2392 scripsit

1090 2406 1173 2434 supr.
1193 2394 1240 2426 16.
1257 2395 1495 2425 multitudinem
1518 2395 1634 2424 civium
1657 2395 1751 2425 Cam-

428 2448 445 2477 3
468 2441 628 2469 Summam
650 2440 744 2469 etiam
766 2449 877 2468 census
897 2439 1045 2468 distintve-

385 2483 478 2518 runt]
504 2482 633 2511 Summa
659 2484 706 2510 est
736 2480 920 2515 multitudo,
944 2481 1046 2517 turba,

386 2527 421 2552 ut
433 2533 541 2553 sensus
551 2523 605 2559 sit;
625 2522 737 2561 reliqui
749 2522 918 2561 Campani,
928 2522 959 2551 in
970 2532 1047 2560 quos

386 2565 524 2603 singulos
553 2575 615 2594 non
645 2566 806 2594 decretum
836 2568 913 2600 erat,
939 2574 1047 2594 secun-

386 2607 462 2635 dum
500 2617 611 2636 census
648 2607 751 2646 puniti
787 2610 868 2637 sunt,
907 2606 1047 2637 ERNEsT.

387 2648 536 2677 Ceterum
553 2649 607 2678 alii
621 2650 836 2679 distinoeerunt
851 2649 890 2678 ad
908 2648 1047 2678 uomina-

387 2689 486 2717 tivum
512 2696 670 2721 senatores
696 2691 844 2727 referunt,
867 2691 948 2720 inter
970 2700 1048 2728 quos

387 2730 524 2760 Crevier.
542 2736 572 2760 et
590 2732 737 2771 Raschig.
754 2732 941 2761 numerandi
957 2735 1039 2762 sunt.

430 2783 447 2808 4
465 2772 640 2810 C'mnpzmos
655 2784 757 2804 omnes
776 2797 782 2803 .
800 2797 807 2803 .
825 2797 831 2804 .
848 2775 959 2804 liberos
973 2785 1048 2810 esse,

387 2814 563 2849 iusserunt]
592 2814 641 2842 Ex
663 2815 710 2842 liis
727 2815 837 2850 verbis,
858 2819 887 2844 et
912 2815 948 2844 iis
967 2825 1047 2853 quae

1090 2448 1243 2476 panorum
1271 2438 1507 2473 venumdatam,
1531 2437 1630 2475 magis
1650 2440 1751 2467 osten-

1090 2480 1182 2517 disse,
1198 2479 1273 2518 quid
1294 2480 1396 2509 facere
1417 2479 1589 2509 decreverit
1605 2479 1751 2514 Flaccus,

1091 2532 1184 2560 (liuim
1205 2521 1280 2560 quid
1300 2522 1416 2551 fecerit.
1463 2521 1590 2560 Nempe
1612 2521 1668 2550 ille
1690 2520 1751 2551 ius-

1091 2568 1173 2593 serat
1200 2565 1382 2602 Campanos
1408 2562 1588 2593 venundari.
1638 2563 1692 2599 At,
1717 2573 1751 2592 re

1091 2606 1123 2635 in
1146 2606 1206 2635 hoc
1229 2610 1355 2644 tempus
1376 2609 1528 2642 extracta,
1543 2608 1669 2634 senatus
1684 2604 1751 2634 eius

1092 2649 1287 2678 decretorum
1315 2648 1514 2677 severitatem
1538 2647 1597 2677 hac
1621 2646 1749 2685 quidem

1091 2689 1122 2719 in
1139 2693 1227 2728 parte
1242 2689 1406 2728 mitigavit.
1430 2690 1534 2719 Cnev.

1139 2740 1154 2770 5
1183 2733 1348 2762 Pararent
1375 2731 1580 2767 haberentve]
1621 2729 1748 2767 Nempe

1091 2783 1198 2812 agrum
1215 2773 1442 2804 aedificiumve.
1468 2773 1574 2802 DOER.
