1809 3178
546 100 668 140 12113.
704 98 828 138 XXI.
877 98 1021 139 CAP.
1057 104 1122 139 63.
1477 103 1528 142 57

144 205 270 231 ranus
288 197 453 244 praetor
475 197 568 228 vota
589 186 794 241 suscipere
824 186 968 233 iussus,
991 187 1023 226 si
1056 187 1099 225 in
1121 186 1266 226 decem
1297 202 1425 228 annos
1448 203 1529 228 res·
1549 201 1587 231 U.
1606 201 1643 231 (⁴.
1663 211 1733 240 53⁴·

161 240 310 287 ›ublica
331 245 479 286 eodem
510 244 688 285 stetisset
709 252 829 282 statu.
894 242 1012 283 llaec
1035 252 1254 298 procurata
1276 253 1454 298 votaque
1477 261 1527 285 ex
1545 244 1582 273 A.
1607 245 1644 273 C.
1664 247 1734 274 ²¹²⁴·

143 262 259 343 libris
310 301 535 358 Sibyllinis,
578 315 728 355 magna
778 315 829 339 ex
878 308 993 354 parte
1042 299 1281 339 levaverant
1329 300 1528 355 religione

145 375 315 400 animos.

205 416 437 457 Consulum
455 415 764 469 designatorum
781 412 884 453 alter
903 412 1142 462 Flaminius,
1158 413 1223 453 cui
1240 429 1311 453 cac
1331 414 1527 467 legiones,
1617 431 1682 469 (333⁸

145 489 251 528 quae
284 473 522 513 Placentiae
555 470 840 518 hibernabant,
871 479 978 510 sorte
1007 479 1245 517 evenerant,
1276 470 1458 510 edietum
1491 480 1532 510 et

116 531 283 577 7literas
318 530 370 570 ad
406 528 616 570 consulem
651 528 773 575 misit,
807 535 853 566 ut
889 527 922 566 is
953 528 1159 568 exereitus
1193 527 1335 567 Idibus
1368 527 1530 567 Martiis

113 600 132 629 8
148 587 327 628 Arimini.
350 587 510 627 adesset
536 585 577 624 in
600 584 751 625 castris.
816 583 929 623 Huic
952 584 993 623 in
1023 584 1237 639 provincia
1269 584 1529 624 consulatum
1545 594 1723 624 'liquerim

112 687 122 706 (
145 644 248 685 inire
290 643 507 684 consilium
541 651 639 689 crat,
683 640 855 681 inemori
896 649 1084 681 veterum
1125 641 1398 681 certaminum
1435 656 1529 680 cuni
1545 642 1575 683 (ζῑ
1593 647 1738 708 ἈΙζἸζηέὶῑῖῑ·

116 688 360 748 fl'atribus3
395 714 500 755 quac
519 698 709 739 tribunus
730 697 874 752 plebis,
893 706 936 737 ct
957 713 1063 752 quae
1081 707 1225 753 postea
1241 697 1398 745 consul,
1417 698 1530 753 prius
1545 684 1598 751 {¹5}
1647 689 1722 708 ‘²⁰¹¹‘

143 757 195 797 de
218 757 447 804 consulatu,
470 756 541 810 qui
564 755 849 808 abrogabatur,
872 753 969 793 dein
992 754 1044 794 de
1068 754 1279 809 triumpho
1302 754 1529 802 habuerat3

143 814 299 855 invisus
320 814 445 853 etiarn
467 811 660 852 Patribus
682 811 734 850 ob
756 824 906 850 novam
924 810 1072 865 legem,
1097 826 1223 865 quam
1248 812 1300 858 Q.
1324 811 1530 851 Claudius

143 871 333 911 tribunus
345 869 478 924 plebis
494 868 688 908 adversus
710 875 913 915 senatum,
933 882 1017 907 uno
1039 867 1212 907 Patrum
1234 868 1458 908 adiuvante
1477 868 1526 908 (J.

143 926 360 975 Flaminio,
388 925 560 973 tulerat3
595 939 646 964 ne
673 924 766 978 quis
799 932 976 972 senator,
1006 924 1124 964 cuive
1158 925 1387 964 senatorius
1413 933 1530 979 pater

140 983 296 1032 fuisset,
315 983 563 1023 maritimam
586 996 747 1030 navem,
763 996 869 1036 quae
888 980 981 1035 plus
1003 996 1128 1036 quam
1144 990 1423 1021 trecentarum
1442 996 1529 1021 am-

140 1040 365 1095 phorarum
393 1047 512 1088 esset,
542 1038 725 1078 haberet.
789 1037 839 1077 Id
871 1037 967 1077 satis
996 1037 1184 1078 habitum
1217 1038 1269 1078 ad
1291 1038 1448 1078 fructus
1477 1053 1528 1078 ex

110 1097 248 1152 2agris
268 1096 517 1137 vectandos:
552 1104 748 1150 quaestus
771 1095 905 1134 omnis
936 1094 1130 1135 Patribus
1156 1094 1377 1136 indecorus
1405 1095 1526 1134 visus.

142 1153 240 1203 Res,
258 1169 333 1209 per
353 1168 557 1194 summam
574 1151 887 1192 contentionem
909 1160 1011 1199 aeta,
1027 1151 1226 1191 invidiam
1245 1151 1357 1206 apud
1380 1151 1529 1191 nobili-

141 1219 268 1251 tatem
290 1211 444 1251 suasori
462 1210 564 1264 lcgis
582 1208 799 1255 Flaminio,
817 1208 999 1247 favorem
1016 1208 1126 1262 apud
1148 1208 1312 1262 plebem
1331 1207 1528 1247 alterum-

108 1284 125 1313 3
141 1282 222 1322 que
236 1267 334 1307 inde
352 1266 627 1314 consulatum,
642 1265 816 1320 peperit.
853 1265 920 1305 Ob
938 1264 1039 1305 haec
1054 1273 1165 1304 ratus
1180 1265 1372 1319 auspiciis
1386 1279 1529 1304 emen—

140 1324 305 1371 tiendis,
330 1324 658 1377 Latinarumque
686 1321 882 1362 feriarum
914 1336 1040 1369 mora,
1064 1330 1106 1361 et
1133 1321 1418 1362 consularibus
1439 1321 1529 1360 aliis

143 1381 452 1436 impedimentis
467 1388 700 1420 retenturos
714 1393 755 1418 se
774 1378 816 1417 in
839 1378 953 1426 urbe,
969 1378 1162 1418 simulato
1179 1378 1326 1418 itinere
1344 1378 1528 1432 privatus

140 1437 245 1478 clam
285 1438 329 1477 in
363 1437 618 1492 provinciam
655 1435 766 1475 abiit.
831 1434 893 1474 Ea
929 1449 1005 1482 ΥΟΕ,
1038 1434 1108 1474 ubi
1142 1434 1277 1489 palam
1311 1434 1419 1474 facta
1451 1444 1525 1482 est,
1542 1450 1635 1480 Clam
1653 1450 1685 1480 in

139 1509 289 1535 novam
311 1494 481 1548 insuper
494 1493 595 1532 iram
613 1491 772 1531 infestis
794 1491 874 1530 iam
892 1499 987 1531 aute
1006 1490 1199 1531 Patribus
1217 1490 1363 1530 movit:
1401 1496 1411 1513 ‘
1425 1490 1525 1530 Non
1542 1492 1736 1538 provinciam

141 1557 151 1574 ‘
165 1566 258 1591 cum
301 1559 448 1591 senatu
483 1549 620 1598 modo,
655 1548 729 1589 sed
761 1548 843 1588 iam
880 1562 975 1588 cum
1009 1547 1088 1587 diis
1120 1547 1436 1595 innnortalibus,
1474 1548 1523 1588 C.
1541 1535 1617 1565 ‘¹¹³⁸‘

141 1614 151 1631 ‘
166 1607 418 1648 Flaminium
452 1605 609 1647 bellum
650 1619 807 1660 gerere.
872 1603 1101 1645 Consulem
1137 1613 1232 1645 ante
1269 1604 1526 1659 inauspicato

141 1672 150 1688 ⁶
167 1665 323 1705 factum
344 1663 634 1704 revocantibus
655 1677 707 1702 ex
730 1662 817 1718 ipsa
831 1661 917 1701 acie
937 1661 1017 1701 diis
1039 1670 1164 1716 atque
1181 1661 1420 1701 hominibus
1442 1676 1526 1701 non

140 1728 151 1744 ‘
167 1721 350 1776 paruisse
368 1736 378 1768 3
411 1728 454 1760 et
474 1734 585 1760 nunc
607 1718 862 1759 conscicntia
883 1726 1116 1773 spretorum
1138 1727 1178 1758 et
1204 1717 1461 1773 Capitolium
1483 1727 1526 1758 et

140 1778 397 1818 ‘sollennem
427 1785 619 1817 votorum
649 1775 1007 1830 nuncupationem
1038 1775 1213 1829 fugisse:
1248 1790 1300 1814 ne
1333 1774 1401 1814 die
1433 1774 1526 1814 initi

140 1835 427 1890 ‘magistratus
455 1833 564 1874 Iovis
593 1832 739 1887 optimi
768 1832 940 1871 maximi
968 1831 1171 1887 templum
1200 1831 1355 1872 adiret:
1390 1846 1442 1871 ne
1464 1846 1528 1872 se-

140 1899 322 1940 ‘natu1n,
350 1891 507 1931 invisus
534 1891 634 1946 ipsc,
657 1898 699 1929 et
724 1888 801 1929 sibi
829 1889 903 1929 uni
931 1888 1125 1937 invisum,
1149 1888 1310 1929 videret
1338 1888 1528 1928 consule-

185 2011 201 2042 7
225 2004 336 2033 Idibus
355 2003 507 2039 Martiis]
549 2001 615 2031 Hic
644 2000 711 2031 dies
741 2004 810 2029 tum

140 2045 293 2084 temporis
319 2044 555 2083 magistratibus
578 2042 726 2072 ineundis
750 2043 810 2071 sol-

142 2087 245 2118 lennis
261 2091 337 2116 erat.
370 2087 408 2116 cf.
426 2086 496 2116 infr.
513 2084 590 2115 xxii.
613 2095 637 2115 1.
663 2085 736 2114 S'rn.

855 2009 919 2029 non
943 1999 1031 2038 prius
1053 1999 1226 2038 aperuisse,
1243 2010 1339 2038 quam
1361 1999 1467 2028 hostes
1483 1999 1530 2028 fu-

856 2042 974 2072 disset:
1008 2042 1046 2071 cf.
1071 2042 1185 2080 Polyb.
1210 2041 1241 2072 ii.
1267 2051 1317 2080 32,
1345 2050 1393 2079 33.
1421 2041 1529 2079 itaque

856 2084 979 2120 victori,
996 2093 1067 2113 cum
1087 2083 1205 2122 ingenti
1230 2084 1349 2122 praeda
1372 2083 1530 2119 redeunti,

184 2130 202 2159 8
225 2130 386 2165 Arimini]
414 2128 466 2157 De
486 2126 637 2157 Flaminii
662 2126 743 2156 dolis
766 2125 810 2155 ni-

140 2171 187 2201 hil
200 2172 296 2201 habet
310 2169 535 2209 Polybius‚qui
548 2169 744 2198 Flaminium
758 2169 814 2197 Ar—

142 2213 268 2249 retium,
292 2212 462 2243 Servilium
488 2211 670 2242 Ariminum
693 2211 814 2249 profec-

142 2260 190 2285 tos
205 2266 273 2285 esse
289 2254 405 2285 scribit.
423 2254 465 2285 iii.
483 2262 530 2292 77.

184 2307 203 2338 9
227 2300 317 2333 Quae
345 2298 494 2327 tribunus
519 2296 635 2335 plebis]
673 2295 815 2330 Quando

142 2339 339 2377 rogationem
370 2339 410 2368 de.
440 2348 514 2377 agro
542 2337 671 2367 Gallico
701 2342 732 2366 et
766 2336 813 2365 Pi-

143 2391 221 2411 ceno
236 2381 351 2410 viritim
364 2380 536 2410 dividendo
549 2379 676 2408 tulerat.
694 2379 812 2408 efival.

143 2424 234 2454 Max.
253 2432 279 2452 r.
298 2434 326 2460 4.
351 2422 419 2452 Cic.
436 2423 476 2451 (le
494 2422 567 2451 Sen.
584 2431 612 2457 4.

190 2475 201 2494 1
229 2466 320 2500 Quae
338 2468 446 2502 postea
467 2463 592 2498 consul]
620 2462 658 2492 cf.
677 2462 764 2491 Plut.
782 2461 813 2490 in

144 2508 245 2538 Marc.
263 2505 317 2543 qui
334 2505 442 2541 tradit,
459 2514 557 2542 quum
581 2513 715 2541 augures
741 2502 814 2531 vitio

145 2552 267 2579 creatos
291 2557 357 2576 esse
381 2547 538 2581 eonsules,
554 2546 704 2575 adversus
724 2545 814 2573 Insu-

145 2592 216 2620 bres
233 2589 402 2628 profectos,
419 2587 584 2622 dixissent,
600 2589 746 2615 senatum
763 2595 817 2614 eos

146 2631 314 2662 confestim
334 2630 433 2660 literis
450 2630 589 2659 Romam
606 2637 769 2657 revocasse
785 2631 817 2656 et

146 2674 283 2709 iussisse,
307 2682 403 2711 quam
432 2671 569 2710 primum
594 2669 761 2699 consulatu
785 2679 817 2699 se

146 2716 295 2746 abdicare
321 2725 380 2744 nec
404 2713 575 2752 quiequam
602 2722 658 2750 pro
683 2710 817 2749 imperio

146 2768 271 2797 gerere:
305 2756 500 2787 Flaminium
530 2764 602 2784 vero
628 2753 685 2783 has
712 2752 819 2783 literas

856 2126 1055 2164 triumphum
1086 2126 1182 2154 fuisse
1214 2129 1385 2163 negatum3
1423 2125 1529 2163 ipsum

860 2178 933 2197 vero
960 2168 1120 2206 privatum
1148 2166 1372 2205 triumphasse,
1397 2170 1427 2196 et
1455 2176 1530 2196 mox

859 2209 1046 2249 magistratu
1062 2209 1149 2239 abire
1166 2214 1312 2239 eoactum
1330 2219 1406 2239 esse.
1431 2209 1517 2238 ΒΕΓ.

903 2262 919 2281 2
946 2253 1103 2288 Quaestus
1121 2253 1220 2281 onmis
1238 2252 1392 2280 Patribus
1409 2251 1530 2280 indeco-

859 2305 917 2323 rus
931 2295 1031 2331 risus]
1047 2293 1134 2323 Nam
1147 2298 1307 2323 senatores
1324 2297 1393 2331 post
1408 2293 1530 2321 bellum

861 2335 1020 2366 Punicum
1035 2335 1173 2374 primum
1190 2335 1221 2364 in
1239 2334 1360 2367 Sicilia,
1375 2333 1531 2369 Sardinia,

859 2385 891 2407 et
908 2377 1037 2407 Corsica
1055 2377 1185 2415 praedia
1208 2376 1266 2405 sibi
1287 2385 1483 2414 comparare,
1499 2379 1531 2404 et

860 2429 916 2457 per
947 2418 1086 2457 speciem
1117 2418 1387 2456 deportandorum
1418 2426 1457 2446 ex
1493 2415 1532 2446 iis

860 2461 1021 2490 fructuum
1058 2459 1300 2498 negotiationes,
1333 2457 1532 2496 amplissimo

861 2502 969 2532 ordine
990 2501 1145 2539 indignas,
1161 2510 1308 2529 exercere
1333 2503 1507 2538 coeperunt
1525 2512 1533 2535 ;

861 2544 946 2581 quod
974 2543 1004 2572 h.
1027 2543 1048 2571 1.
1076 2541 1245 2580 significari
1276 2541 1410 2571 videtur.
1439 2541 1531 2572 ΒΗΚ.

861 2585 899 2615 ef.
919 2584 995 2614 Ern.
1012 2584 1103 2614 Clav.
1122 2583 1189 2614 Cic.
1211 2594 1238 2612 r.
1255 2585 1453 2621 Neglotialor.

909 2635 925 2663 3
954 2626 1119 2664 Auspiciis
1146 2626 1368 2662 ementiendis]
1411 2625 1532 2654 Huius-

862 2667 949 2697 modi
978 2672 1062 2696 artes
1092 2667 1203 2697 Patres
1233 2667 1417 2705 saepissime
1444 2667 1533 2697 adhi-

862 2711 1011 2745 buerunt,
1027 2708 1168 2739 maxime
1184 2713 1293 2739 contra
1314 2708 1457 2749 plebeios
1478 2709 1532 2739 ho-

864 2751 976 2783 mines.
1002 2751 1087 2782 RrP.
