<?xml version="1.0" encoding="UTF-8"?>
<!DOCTYPE html PUBLIC "-//W3C//DTD XHTML 1.0 Transitional//EN"
    "http://www.w3.org/TR/xhtml1/DTD/xhtml1-transitional.dtd">
<html xmlns="http://www.w3.org/1999/xhtml" xml:lang="en" lang="en">
 <head>
  <title>
</title>
<meta http-equiv="Content-Type" content="text/html;charset=utf-8" />
  <meta name='ocr-system' content='tesseract 3.04.00' />
  <meta name='ocr-capabilities' content='ocr_page ocr_carea ocr_par ocr_line ocrx_word'/>
</head>
<body>
  <div class='ocr_page' id='page_1' title='image "./historiarumaburb02livyuoft_0477.png"; bbox 0 0 1871 3178; ppageno 0'>
   <div class='ocr_carea' id='block_1_1' title="bbox 505 71 1500 118">
    <p class='ocr_par' dir='ltr' id='par_1_1' title="bbox 505 71 1500 118">
     <span class='ocr_line' id='line_1_1' title="bbox 505 71 1500 118; baseline 0.007 -7"><span class='ocrx_word' id='word_1_1' title='bbox 505 71 630 112; x_wconf 86' lang='lat' dir='ltr'>LIB.</span> <span class='ocrx_word' id='word_1_2' title='bbox 665 72 835 113; x_wconf 77' lang='lat' dir='ltr'>XXIX.</span> <span class='ocrx_word' id='word_1_3' title='bbox 883 74 1028 114; x_wconf 74' lang='lat' dir='ltr'>CAP.</span> <span class='ocrx_word' id='word_1_4' title='bbox 1065 79 1100 115; x_wconf 86' lang='lat'>9.</span> <span class='ocrx_word' id='word_1_5' title='bbox 1420 80 1500 118; x_wconf 88' lang='grc'>467</span> 
     </span>
    </p>
   </div>
   <div class='ocr_carea' id='block_1_2' title="bbox 79 159 1709 2536">
    <p class='ocr_par' dir='ltr' id='par_1_2' title="bbox 79 159 1709 2536">
     <span class='ocr_line' id='line_1_2' title="bbox 118 159 1708 221; baseline 0.005 -22"><span class='ocrx_word' id='word_1_6' title='bbox 118 159 222 199; x_wconf 90' lang='lat' dir='ltr'>nibil</span> <span class='ocrx_word' id='word_1_7' title='bbox 245 160 381 200; x_wconf 82' lang='lat' dir='ltr'>minus</span> <span class='ocrx_word' id='word_1_8' title='bbox 403 175 527 215; x_wconf 88' lang='lat' dir='ltr'>quam</span> <span class='ocrx_word' id='word_1_9' title='bbox 551 162 630 202; x_wconf 84' lang='lat' dir='ltr'>talc</span> <span class='ocrx_word' id='word_1_10' title='bbox 654 163 877 218; x_wconf 78' lang='lat' dir='ltr'>quiequam</span> <span class='ocrx_word' id='word_1_11' title='bbox 909 165 1137 211; x_wconf 85' lang='lat' dir='ltr'>timentem,</span> <span class='ocrx_word' id='word_1_12' title='bbox 1162 165 1365 218; x_wconf 82' lang='lat' dir='ltr'>patefacta</span> <span class='ocrx_word' id='word_1_13' title='bbox 1385 175 1502 221; x_wconf 86' lang='lat' dir='ltr'>porta</span> <span class='ocrx_word' id='word_1_14' title='bbox 1521 179 1561 211; x_wconf 81' lang='lat' dir='ltr'>U.</span> <span class='ocrx_word' id='word_1_15' title='bbox 1579 181 1615 210; x_wconf 69' lang='lat' dir='ltr'>(J.</span> <span class='ocrx_word' id='word_1_16' title='bbox 1639 189 1708 218; x_wconf 74' lang='lat'><strong>⁵⁴7·</strong></span> 
     </span>
     <span class='ocr_line' id='line_1_3' title="bbox 117 217 1709 275; baseline 0.003 -20"><span class='ocrx_word' id='word_1_17' title='bbox 117 226 343 271; x_wconf 86' lang='lat' dir='ltr'>erumpunt</span> <span class='ocrx_word' id='word_1_18' title='bbox 368 217 558 258; x_wconf 83' lang='lat' dir='ltr'>Romani.</span> <span class='ocrx_word' id='word_1_19' title='bbox 623 219 693 258; x_wconf 77' lang='lat' dir='ltr'>Ad</span> <span class='ocrx_word' id='word_1_20' title='bbox 715 219 929 268; x_wconf 70' lang='lat' dir='ltr'>ducentos,</span> <span class='ocrx_word' id='word_1_21' title='bbox 954 220 1205 274; x_wconf 86' lang='lat' dir='ltr'>improvidos</span> <span class='ocrx_word' id='word_1_22' title='bbox 1226 236 1356 275; x_wconf 84' lang='lat' dir='ltr'>quum</span> <span class='ocrx_word' id='word_1_23' title='bbox 1387 223 1500 263; x_wconf 85' lang='lat' dir='ltr'>inva-</span> <span class='ocrx_word' id='word_1_24' title='bbox 1514 223 1553 253; x_wconf 82' lang='grc' dir='ltr'>Λ·</span> <span class='ocrx_word' id='word_1_25' title='bbox 1577 224 1614 252; x_wconf 61' lang='lat' dir='ltr'>(f.</span> <span class='ocrx_word' id='word_1_26' title='bbox 1639 232 1709 260; x_wconf 73' lang='lat'><strong>²05-</strong></span> 
     </span>
     <span class='ocr_line' id='line_1_4' title="bbox 115 272 1497 324; baseline 0.007 -13"><span class='ocrx_word' id='word_1_27' title='bbox 115 272 277 321; x_wconf 86' lang='lat' dir='ltr'>sisscnt,</span> <span class='ocrx_word' id='word_1_28' title='bbox 312 274 530 314; x_wconf 82' lang='lat' dir='ltr'>occidunt:</span> <span class='ocrx_word' id='word_1_29' title='bbox 574 284 731 315; x_wconf 80' lang='lat' dir='ltr'>eeteros</span> <span class='ocrx_word' id='word_1_30' title='bbox 766 274 992 324; x_wconf 74' lang='lat' dir='ltr'>Hannibal,</span> <span class='ocrx_word' id='word_1_31' title='bbox 1029 285 1073 316; x_wconf 83' lang='lat' dir='ltr'>ut</span> <span class='ocrx_word' id='word_1_32' title='bbox 1107 277 1319 317; x_wconf 78' lang='lat' dir='ltr'>consulein</span> <span class='ocrx_word' id='word_1_33' title='bbox 1356 278 1497 321; x_wconf 71' lang='lat' dir='ltr'>adesse</span> 
     </span>
     <span class='ocr_line' id='line_1_5' title="bbox 115 330 1496 389; baseline 0.005 -21"><span class='ocrx_word' id='word_1_34' title='bbox 115 330 255 379; x_wconf 89' lang='lat' dir='ltr'>Sensit,</span> <span class='ocrx_word' id='word_1_35' title='bbox 288 330 331 370; x_wconf 92' lang='lat' dir='ltr'>in</span> <span class='ocrx_word' id='word_1_36' title='bbox 363 340 493 371; x_wconf 80' lang='lat' dir='ltr'>castra</span> <span class='ocrx_word' id='word_1_37' title='bbox 525 332 696 386; x_wconf 80' lang='lat' dir='ltr'>recipit3</span> <span class='ocrx_word' id='word_1_38' title='bbox 732 334 963 387; x_wconf 78' lang='lat' dir='ltr'>nuntioque</span> <span class='ocrx_word' id='word_1_39' title='bbox 997 333 1119 373; x_wconf 77' lang='lat' dir='ltr'>misso</span> <span class='ocrx_word' id='word_1_40' title='bbox 1151 333 1202 373; x_wconf 82' lang='lat' dir='ltr'>ad</span> <span class='ocrx_word' id='word_1_41' title='bbox 1234 350 1316 381; x_wconf 79' lang='lat' dir='ltr'>cos,</span> <span class='ocrx_word' id='word_1_42' title='bbox 1350 336 1419 389; x_wconf 78' lang='lat' dir='ltr'>qui</span> <span class='ocrx_word' id='word_1_43' title='bbox 1456 336 1496 375; x_wconf 91' lang='lat' dir='ltr'>in</span> 
     </span>
     <span class='ocr_line' id='line_1_6' title="bbox 115 387 1498 443; baseline 0.004 -18"><span class='ocrx_word' id='word_1_44' title='bbox 115 400 208 426; x_wconf 87' lang='lat' dir='ltr'>arce</span> <span class='ocrx_word' id='word_1_45' title='bbox 240 396 370 435; x_wconf 86' lang='lat' dir='ltr'>crant,</span> <span class='ocrx_word' id='word_1_46' title='bbox 395 396 439 427; x_wconf 89' lang='lat' dir='ltr'>ut</span> <span class='ocrx_word' id='word_1_47' title='bbox 460 387 625 428; x_wconf 75' lang='lat' dir='ltr'>sibimet</span> <span class='ocrx_word' id='word_1_48' title='bbox 654 388 728 443; x_wconf 67' lang='lat' dir='ltr'>ipsi</span> <span class='ocrx_word' id='word_1_49' title='bbox 752 389 1028 438; x_wconf 69' lang='lat' dir='ltr'>consulerent,</span> <span class='ocrx_word' id='word_1_50' title='bbox 1052 399 1172 430; x_wconf 88' lang='lat' dir='ltr'>nocte</span> <span class='ocrx_word' id='word_1_51' title='bbox 1204 391 1327 430; x_wconf 83' lang='lat' dir='ltr'>motis</span> <span class='ocrx_word' id='word_1_52' title='bbox 1358 393 1498 431; x_wconf 70' lang='lat' dir='ltr'>castris</span> 
     </span>
     <span class='ocr_line' id='line_1_7' title="bbox 114 442 1497 502; baseline 0.005 -21"><span class='ocrx_word' id='word_1_53' title='bbox 114 442 226 482; x_wconf 85' lang='lat' dir='ltr'>abiit.</span> <span class='ocrx_word' id='word_1_54' title='bbox 291 443 345 484; x_wconf 86' lang='lat' dir='ltr'>Et</span> <span class='ocrx_word' id='word_1_55' title='bbox 367 444 438 499; x_wconf 88' lang='lat' dir='ltr'>qui</span> <span class='ocrx_word' id='word_1_56' title='bbox 461 444 503 483; x_wconf 91' lang='lat' dir='ltr'>in</span> <span class='ocrx_word' id='word_1_57' title='bbox 525 459 616 484; x_wconf 90' lang='lat' dir='ltr'>arce</span> <span class='ocrx_word' id='word_1_58' title='bbox 642 454 772 492; x_wconf 87' lang='lat' dir='ltr'>crant,</span> <span class='ocrx_word' id='word_1_59' title='bbox 797 445 881 500; x_wconf 72' lang='lat' dir='ltr'>igni</span> <span class='ocrx_word' id='word_1_60' title='bbox 906 446 1058 486; x_wconf 85' lang='lat' dir='ltr'>iniecto</span> <span class='ocrx_word' id='word_1_61' title='bbox 1087 447 1218 495; x_wconf 85' lang='lat' dir='ltr'>tectis,</span> <span class='ocrx_word' id='word_1_62' title='bbox 1242 462 1348 502; x_wconf 88' lang='lat' dir='ltr'>quac</span> <span class='ocrx_word' id='word_1_63' title='bbox 1383 457 1497 488; x_wconf 89' lang='lat' dir='ltr'>tenc-</span> 
     </span>
     <span class='ocr_line' id='line_1_8' title="bbox 114 498 1496 557; baseline 0.005 -19"><span class='ocrx_word' id='word_1_64' title='bbox 114 498 227 547; x_wconf 89' lang='lat' dir='ltr'>bant,</span> <span class='ocrx_word' id='word_1_65' title='bbox 264 509 310 539; x_wconf 92' lang='lat' dir='ltr'>ut</span> <span class='ocrx_word' id='word_1_66' title='bbox 350 500 383 540; x_wconf 88' lang='lat' dir='ltr'>is</span> <span class='ocrx_word' id='word_1_67' title='bbox 420 501 621 541; x_wconf 86' lang='lat' dir='ltr'>tumultus</span> <span class='ocrx_word' id='word_1_68' title='bbox 661 501 821 541; x_wconf 84' lang='lat' dir='ltr'>hostem</span> <span class='ocrx_word' id='word_1_69' title='bbox 864 511 1104 551; x_wconf 86' lang='lat' dir='ltr'>moraretur,</span> <span class='ocrx_word' id='word_1_70' title='bbox 1137 518 1287 557; x_wconf 80' lang='lat' dir='ltr'>agmen</span> <span class='ocrx_word' id='word_1_71' title='bbox 1328 519 1496 545; x_wconf 84' lang='lat' dir='ltr'>suorum</span> 
     </span>
     <span class='ocr_line' id='line_1_9' title="bbox 113 554 1622 616; baseline 0.005 -21"><span class='ocrx_word' id='word_1_72' title='bbox 113 554 234 610; x_wconf 79' lang='lat' dir='ltr'>fugae</span> <span class='ocrx_word' id='word_1_73' title='bbox 257 556 380 596; x_wconf 78' lang='lat' dir='ltr'>simili</span> <span class='ocrx_word' id='word_1_74' title='bbox 401 572 523 597; x_wconf 84' lang='lat' dir='ltr'>cursu</span> <span class='ocrx_word' id='word_1_75' title='bbox 546 566 641 597; x_wconf 90' lang='lat' dir='ltr'>ante</span> <span class='ocrx_word' id='word_1_76' title='bbox 664 567 829 598; x_wconf 88' lang='lat' dir='ltr'>noctem</span> <span class='ocrx_word' id='word_1_77' title='bbox 851 559 1026 598; x_wconf 73' lang='lat' dir='ltr'>assecuti</span> <span class='ocrx_word' id='word_1_78' title='bbox 1047 569 1154 600; x_wconf 86' lang='lat' dir='ltr'>sunt.</span> <span class='ocrx_word' id='word_1_79' title='bbox 1212 560 1365 616; x_wconf 83' lang='lat' dir='ltr'>Scipio,</span> <span class='ocrx_word' id='word_1_80' title='bbox 1390 571 1435 602; x_wconf 85' lang='lat' dir='ltr'>ut</span> <span class='ocrx_word' id='word_1_81' title='bbox 1456 571 1496 602; x_wconf 89' lang='lat' dir='ltr'>et</span> <span class='ocrx_word' id='word_1_82' title='bbox 1586 570 1622 603; x_wconf 73' lang='lat'>8.</span> 
     </span>
     <span class='ocr_line' id='line_1_10' title="bbox 113 612 1496 666; baseline 0.005 -15"><span class='ocrx_word' id='word_1_83' title='bbox 113 625 250 652; x_wconf 90' lang='lat' dir='ltr'>arcem</span> <span class='ocrx_word' id='word_1_84' title='bbox 280 612 465 653; x_wconf 83' lang='lat' dir='ltr'>relictam</span> <span class='ocrx_word' id='word_1_85' title='bbox 497 614 547 654; x_wconf 86' lang='lat' dir='ltr'>ab</span> <span class='ocrx_word' id='word_1_86' title='bbox 578 613 764 654; x_wconf 84' lang='lat' dir='ltr'>hostibus</span> <span class='ocrx_word' id='word_1_87' title='bbox 795 624 837 654; x_wconf 87' lang='lat' dir='ltr'>et</span> <span class='ocrx_word' id='word_1_88' title='bbox 868 630 997 654; x_wconf 77' lang='lat' dir='ltr'>vacua</span> <span class='ocrx_word' id='word_1_89' title='bbox 1027 615 1131 656; x_wconf 77' lang='lat' dir='ltr'>vidit</span> <span class='ocrx_word' id='word_1_90' title='bbox 1162 626 1305 666; x_wconf 80' lang='lat' dir='ltr'>castra,</span> <span class='ocrx_word' id='word_1_91' title='bbox 1332 627 1496 658; x_wconf 83' lang='lat' dir='ltr'>vocatos</span> 
     </span>
     <span class='ocr_line' id='line_1_11' title="bbox 113 668 1493 725; baseline 0.004 -17"><span class='ocrx_word' id='word_1_92' title='bbox 113 668 166 708; x_wconf 88' lang='lat' dir='ltr'>ad</span> <span class='ocrx_word' id='word_1_93' title='bbox 187 670 432 710; x_wconf 82' lang='lat' dir='ltr'>concionem</span> <span class='ocrx_word' id='word_1_94' title='bbox 450 669 679 710; x_wconf 78' lang='lat' dir='ltr'>Locrenses</span> <span class='ocrx_word' id='word_1_95' title='bbox 699 671 880 725; x_wconf 78' lang='lat' dir='ltr'>graviter</span> <span class='ocrx_word' id='word_1_96' title='bbox 899 672 951 711; x_wconf 92' lang='lat' dir='ltr'>ob</span> <span class='ocrx_word' id='word_1_97' title='bbox 968 671 1245 713; x_wconf 82' lang='lat' dir='ltr'>defectionem</span> <span class='ocrx_word' id='word_1_98' title='bbox 1269 674 1493 714; x_wconf 79' lang='lat' dir='ltr'>incusavit:</span> 
     </span>
     <span class='ocr_line' id='line_1_12' title="bbox 112 724 1496 783; baseline 0.005 -19"><span class='ocrx_word' id='word_1_99' title='bbox 112 724 165 765; x_wconf 89' lang='lat' dir='ltr'>de</span> <span class='ocrx_word' id='word_1_100' title='bbox 187 727 423 766; x_wconf 88' lang='lat' dir='ltr'>auctoribus</span> <span class='ocrx_word' id='word_1_101' title='bbox 453 726 702 781; x_wconf 85' lang='lat' dir='ltr'>supplicium</span> <span class='ocrx_word' id='word_1_102' title='bbox 735 728 921 782; x_wconf 78' lang='lat' dir='ltr'>sumpsit,</span> <span class='ocrx_word' id='word_1_103' title='bbox 944 728 1138 783; x_wconf 87' lang='lat' dir='ltr'>bonaque</span> <span class='ocrx_word' id='word_1_104' title='bbox 1161 745 1306 770; x_wconf 88' lang='lat' dir='ltr'>eorum</span> <span class='ocrx_word' id='word_1_105' title='bbox 1328 731 1496 771; x_wconf 82' lang='lat' dir='ltr'>alterius</span> 
     </span>
     <span class='ocr_line' id='line_1_13' title="bbox 111 780 1496 838; baseline 0.005 -17"><span class='ocrx_word' id='word_1_106' title='bbox 111 780 302 822; x_wconf 87' lang='lat' dir='ltr'>factionis</span> <span class='ocrx_word' id='word_1_107' title='bbox 333 782 606 837; x_wconf 74' lang='lat' dir='ltr'>principibuS,</span> <span class='ocrx_word' id='word_1_108' title='bbox 630 783 682 823; x_wconf 92' lang='lat' dir='ltr'>ob</span> <span class='ocrx_word' id='word_1_109' title='bbox 713 784 922 838; x_wconf 66' lang='lat' dir='ltr'>egregiam</span> <span class='ocrx_word' id='word_1_110' title='bbox 953 784 1081 825; x_wconf 88' lang='lat' dir='ltr'>fidem</span> <span class='ocrx_word' id='word_1_111' title='bbox 1112 786 1307 827; x_wconf 77' lang='lat' dir='ltr'>adversus</span> <span class='ocrx_word' id='word_1_112' title='bbox 1340 787 1496 828; x_wconf 87' lang='lat' dir='ltr'>Roma—</span> 
     </span>
     <span class='ocr_line' id='line_1_14' title="bbox 111 839 1496 900; baseline 0.005 -22"><span class='ocrx_word' id='word_1_113' title='bbox 111 853 198 887; x_wconf 87' lang='lat' dir='ltr'>nos,</span> <span class='ocrx_word' id='word_1_114' title='bbox 231 839 442 879; x_wconf 84' lang='lat' dir='ltr'>concessit.</span> <span class='ocrx_word' id='word_1_115' title='bbox 508 839 708 880; x_wconf 85' lang='lat' dir='ltr'>‘Publice</span> <span class='ocrx_word' id='word_1_116' title='bbox 745 854 823 881; x_wconf 91' lang='lat' dir='ltr'>nec</span> <span class='ocrx_word' id='word_1_117' title='bbox 859 840 971 890; x_wconf 85' lang='lat' dir='ltr'>dare,</span> <span class='ocrx_word' id='word_1_118' title='bbox 1003 857 1081 882; x_wconf 88' lang='lat' dir='ltr'>nec</span> <span class='ocrx_word' id='word_1_119' title='bbox 1116 844 1274 898; x_wconf 88' lang='lat' dir='ltr'>eripere</span> <span class='ocrx_word' id='word_1_120' title='bbox 1306 859 1347 884; x_wconf 89' lang='lat' dir='ltr'>se</span> <span class='ocrx_word' id='word_1_121' title='bbox 1379 845 1496 900; x_wconf 88' lang='lat' dir='ltr'>quic-</span> 
     </span>
     <span class='ocr_line' id='line_1_15' title="bbox 113 895 1491 953; baseline 0.005 -19"><span class='ocrx_word' id='word_1_122' title='bbox 113 899 266 949; x_wconf 87' lang='lat' dir='ltr'>‘quam</span> <span class='ocrx_word' id='word_1_123' title='bbox 297 895 601 944; x_wconf 81' lang='lat' dir='ltr'>LocrensibuS,’</span> <span class='ocrx_word' id='word_1_124' title='bbox 631 896 750 937; x_wconf 80' lang='lat' dir='ltr'>dixit.</span> <span class='ocrx_word' id='word_1_125' title='bbox 822 897 1030 938; x_wconf 82' lang='lat' dir='ltr'>‘Romam</span> <span class='ocrx_word' id='word_1_126' title='bbox 1063 899 1275 940; x_wconf 75' lang='lat' dir='ltr'>mitterent</span> <span class='ocrx_word' id='word_1_127' title='bbox 1311 900 1491 953; x_wconf 69' lang='lat' dir='ltr'>legatos:</span> 
     </span>
     <span class='ocr_line' id='line_1_16' title="bbox 113 954 1491 1007; baseline 0.004 -16"><span class='ocrx_word' id='word_1_128' title='bbox 113 956 124 974; x_wconf 89' lang='lat'>‘</span> <span class='ocrx_word' id='word_1_129' title='bbox 139 966 265 1006; x_wconf 88' lang='lat' dir='ltr'>quam</span> <span class='ocrx_word' id='word_1_130' title='bbox 286 960 453 992; x_wconf 87' lang='lat' dir='ltr'>senatus</span> <span class='ocrx_word' id='word_1_131' title='bbox 474 967 655 1007; x_wconf 89' lang='lat' dir='ltr'>acquum</span> <span class='ocrx_word' id='word_1_132' title='bbox 672 954 911 1002; x_wconf 82' lang='lat' dir='ltr'>censuisset,</span> <span class='ocrx_word' id='word_1_133' title='bbox 930 969 1021 994; x_wconf 91' lang='lat' dir='ltr'>eam</span> <span class='ocrx_word' id='word_1_134' title='bbox 1037 955 1245 996; x_wconf 87' lang='lat' dir='ltr'>fortunam</span> <span class='ocrx_word' id='word_1_135' title='bbox 1268 956 1491 998; x_wconf 85' lang='lat' dir='ltr'>habituros.</span> 
     </span>
     <span class='ocr_line' id='line_1_17' title="bbox 112 1006 1494 1065; baseline 0.004 -17"><span class='ocrx_word' id='word_1_136' title='bbox 112 1006 251 1048; x_wconf 87' lang='lat' dir='ltr'>‘Illud</span> <span class='ocrx_word' id='word_1_137' title='bbox 281 1009 377 1049; x_wconf 89' lang='lat' dir='ltr'>satis</span> <span class='ocrx_word' id='word_1_138' title='bbox 407 1009 523 1057; x_wconf 89' lang='lat' dir='ltr'>scire,</span> <span class='ocrx_word' id='word_1_139' title='bbox 547 1009 623 1049; x_wconf 89' lang='lat' dir='ltr'>etsi</span> <span class='ocrx_word' id='word_1_140' title='bbox 655 1009 761 1050; x_wconf 84' lang='lat' dir='ltr'>male</span> <span class='ocrx_word' id='word_1_141' title='bbox 791 1010 843 1050; x_wconf 80' lang='lat' dir='ltr'>(lc</span> <span class='ocrx_word' id='word_1_142' title='bbox 874 1011 1030 1065; x_wconf 86' lang='lat' dir='ltr'>populo</span> <span class='ocrx_word' id='word_1_143' title='bbox 1055 1011 1246 1052; x_wconf 82' lang='lat' dir='ltr'>Romano</span> <span class='ocrx_word' id='word_1_144' title='bbox 1273 1014 1408 1054; x_wconf 90' lang='lat' dir='ltr'>meriti</span> <span class='ocrx_word' id='word_1_145' title='bbox 1431 1030 1494 1054; x_wconf 85' lang='lat' dir='ltr'>es-</span> 
     </span>
     <span class='ocr_line' id='line_1_18' title="bbox 111 1065 1493 1125; baseline 0.004 -21"><span class='ocrx_word' id='word_1_146' title='bbox 111 1070 243 1113; x_wconf 83' lang='lat' dir='ltr'>‘Sent,</span> <span class='ocrx_word' id='word_1_147' title='bbox 266 1065 310 1104; x_wconf 90' lang='lat' dir='ltr'>in</span> <span class='ocrx_word' id='word_1_148' title='bbox 343 1065 512 1105; x_wconf 90' lang='lat' dir='ltr'>meliore</span> <span class='ocrx_word' id='word_1_149' title='bbox 544 1074 653 1106; x_wconf 86' lang='lat' dir='ltr'>statu</span> <span class='ocrx_word' id='word_1_150' title='bbox 685 1066 761 1106; x_wconf 89' lang='lat' dir='ltr'>sub</span> <span class='ocrx_word' id='word_1_151' title='bbox 793 1067 905 1106; x_wconf 88' lang='lat' dir='ltr'>iratis</span> <span class='ocrx_word' id='word_1_152' title='bbox 940 1067 1141 1107; x_wconf 82' lang='lat' dir='ltr'>Romanis</span> <span class='ocrx_word' id='word_1_153' title='bbox 1171 1069 1342 1118; x_wconf 87' lang='lat' dir='ltr'>futuros,</span> <span class='ocrx_word' id='word_1_154' title='bbox 1367 1085 1493 1125; x_wconf 75' lang='lat' dir='ltr'>quani</span> 
     </span>
     <span class='ocr_line' id='line_1_19' title="bbox 111 1121 1493 1179; baseline 0.004 -18"><span class='ocrx_word' id='word_1_155' title='bbox 111 1127 122 1144; x_wconf 88' lang='lat'>‘</span> <span class='ocrx_word' id='word_1_156' title='bbox 138 1121 213 1161; x_wconf 88' lang='lat' dir='ltr'>sub</span> <span class='ocrx_word' id='word_1_157' title='bbox 235 1122 377 1162; x_wconf 89' lang='lat' dir='ltr'>amicis</span> <span class='ocrx_word' id='word_1_158' title='bbox 401 1121 816 1177; x_wconf 81' lang='lat' dir='ltr'>Carthaginiensibus</span> <span class='ocrx_word' id='word_1_159' title='bbox 837 1123 1017 1163; x_wconf 56' lang='lat' dir='ltr'>fuerim?</span> <span class='ocrx_word' id='word_1_160' title='bbox 1076 1124 1184 1179; x_wconf 84' lang='lat' dir='ltr'>Ipse,</span> <span class='ocrx_word' id='word_1_161' title='bbox 1211 1126 1263 1173; x_wconf 84' lang='lat' dir='ltr'>Q.</span> <span class='ocrx_word' id='word_1_162' title='bbox 1283 1126 1493 1167; x_wconf 88' lang='lat' dir='ltr'>Pleminio</span> 
     </span>
     <span class='ocr_line' id='line_1_20' title="bbox 109 1177 1493 1235; baseline 0.004 -17"><span class='ocrx_word' id='word_1_163' title='bbox 109 1177 246 1233; x_wconf 83' lang='lat' dir='ltr'>legato</span> <span class='ocrx_word' id='word_1_164' title='bbox 268 1178 570 1233; x_wconf 87' lang='lat' dir='ltr'>praesidioque,</span> <span class='ocrx_word' id='word_1_165' title='bbox 594 1179 708 1233; x_wconf 88' lang='lat' dir='ltr'>quod</span> <span class='ocrx_word' id='word_1_166' title='bbox 738 1194 874 1219; x_wconf 88' lang='lat' dir='ltr'>arcem</span> <span class='ocrx_word' id='word_1_167' title='bbox 899 1191 1077 1235; x_wconf 79' lang='lat' dir='ltr'>ceperat,</span> <span class='ocrx_word' id='word_1_168' title='bbox 1111 1181 1162 1221; x_wconf 85' lang='lat' dir='ltr'>ad</span> <span class='ocrx_word' id='word_1_169' title='bbox 1195 1183 1394 1223; x_wconf 87' lang='lat' dir='ltr'>tuendam</span> <span class='ocrx_word' id='word_1_170' title='bbox 1426 1198 1493 1223; x_wconf 90' lang='lat' dir='ltr'>ur-</span> 
     </span>
     <span class='ocr_line' id='line_1_21' title="bbox 109 1234 1493 1292; baseline 0.004 -17"><span class='ocrx_word' id='word_1_171' title='bbox 109 1235 206 1275; x_wconf 86' lang='lat' dir='ltr'>bem</span> <span class='ocrx_word' id='word_1_172' title='bbox 240 1234 398 1284; x_wconf 87' lang='lat' dir='ltr'>rclicto,</span> <span class='ocrx_word' id='word_1_173' title='bbox 435 1250 531 1275; x_wconf 90' lang='lat' dir='ltr'>cum</span> <span class='ocrx_word' id='word_1_174' title='bbox 568 1235 719 1290; x_wconf 86' lang='lat' dir='ltr'>quibus</span> <span class='ocrx_word' id='word_1_175' title='bbox 755 1245 925 1277; x_wconf 88' lang='lat' dir='ltr'>venerat</span> <span class='ocrx_word' id='word_1_176' title='bbox 957 1238 1099 1292; x_wconf 83' lang='lat' dir='ltr'>copiis,</span> <span class='ocrx_word' id='word_1_177' title='bbox 1138 1238 1375 1279; x_wconf 80' lang='lat' dir='ltr'>Messanam</span> <span class='ocrx_word' id='word_1_178' title='bbox 1413 1249 1493 1280; x_wconf 83' lang='lat' dir='ltr'>tra-</span> 
     </span>
     <span class='ocr_line' id='line_1_22' title="bbox 110 1291 219 1332; baseline 0.009 -1"><span class='ocrx_word' id='word_1_179' title='bbox 110 1291 219 1332; x_wconf 89' lang='lat' dir='ltr'>iecit.</span> 
     </span>
     <span class='ocr_line' id='line_1_23' title="bbox 166 1347 1687 1410; baseline 0.005 -21"><span class='ocrx_word' id='word_1_180' title='bbox 166 1347 232 1389; x_wconf 89' lang='lat' dir='ltr'>Ita</span> <span class='ocrx_word' id='word_1_181' title='bbox 261 1349 437 1405; x_wconf 86' lang='lat' dir='ltr'>superbe</span> <span class='ocrx_word' id='word_1_182' title='bbox 469 1358 511 1390; x_wconf 89' lang='lat' dir='ltr'>et</span> <span class='ocrx_word' id='word_1_183' title='bbox 542 1349 766 1391; x_wconf 88' lang='lat' dir='ltr'>crudeliter</span> <span class='ocrx_word' id='word_1_184' title='bbox 794 1351 923 1392; x_wconf 86' lang='lat' dir='ltr'>habiti</span> <span class='ocrx_word' id='word_1_185' title='bbox 947 1352 1175 1394; x_wconf 80' lang='lat' dir='ltr'>Locrenses</span> <span class='ocrx_word' id='word_1_186' title='bbox 1197 1354 1247 1395; x_wconf 85' lang='lat' dir='ltr'>ab</span> <span class='ocrx_word' id='word_1_187' title='bbox 1273 1354 1493 1410; x_wconf 76' lang='lat' dir='ltr'>Carthagi-</span> <span class='ocrx_word' id='word_1_188' title='bbox 1510 1360 1687 1390; x_wconf 72' lang='lat' dir='ltr'>Pleminius</span> 
     </span>
     <span class='ocr_line' id='line_1_24' title="bbox 109 1403 1691 1474; baseline 0.005 -29"><span class='ocrx_word' id='word_1_189' title='bbox 109 1405 323 1447; x_wconf 86' lang='lat' dir='ltr'>niensibus</span> <span class='ocrx_word' id='word_1_190' title='bbox 354 1415 448 1462; x_wconf 88' lang='lat' dir='ltr'>post</span> <span class='ocrx_word' id='word_1_191' title='bbox 477 1406 755 1448; x_wconf 83' lang='lat' dir='ltr'>defectionem</span> <span class='ocrx_word' id='word_1_192' title='bbox 786 1409 836 1448; x_wconf 90' lang='lat' dir='ltr'>ab</span> <span class='ocrx_word' id='word_1_193' title='bbox 862 1409 1063 1450; x_wconf 81' lang='lat' dir='ltr'>Romanis</span> <span class='ocrx_word' id='word_1_194' title='bbox 1088 1410 1265 1460; x_wconf 81' lang='lat' dir='ltr'>fuerant,</span> <span class='ocrx_word' id='word_1_195' title='bbox 1288 1420 1335 1452; x_wconf 90' lang='lat' dir='ltr'>ut</span> <span class='ocrx_word' id='word_1_196' title='bbox 1360 1412 1494 1452; x_wconf 89' lang='lat' dir='ltr'>modi-</span> <span class='ocrx_word' id='word_1_197' title='bbox 1508 1403 1691 1474; x_wconf 50' lang='grc' dir='ltr'>ἓξξῗωῇἓ</span> 
     </span>
     <span class='ocr_line' id='line_1_25' title="bbox 110 1462 1694 1525; baseline 0.005 -23"><span class='ocrx_word' id='word_1_198' title='bbox 110 1477 177 1503; x_wconf 86' lang='lat' dir='ltr'>cas</span> <span class='ocrx_word' id='word_1_199' title='bbox 208 1462 377 1503; x_wconf 77' lang='lat' dir='ltr'>iniurias</span> <span class='ocrx_word' id='word_1_200' title='bbox 399 1479 483 1503; x_wconf 91' lang='lat' dir='ltr'>non</span> <span class='ocrx_word' id='word_1_201' title='bbox 505 1478 639 1519; x_wconf 89' lang='lat' dir='ltr'>aequo</span> <span class='ocrx_word' id='word_1_202' title='bbox 660 1464 784 1505; x_wconf 88' lang='lat' dir='ltr'>modo</span> <span class='ocrx_word' id='word_1_203' title='bbox 806 1465 945 1505; x_wconf 88' lang='lat' dir='ltr'>animo</span> <span class='ocrx_word' id='word_1_204' title='bbox 966 1467 1065 1521; x_wconf 80' lang='lat' dir='ltr'>pati,</span> <span class='ocrx_word' id='word_1_205' title='bbox 1088 1467 1160 1507; x_wconf 91' lang='lat' dir='ltr'>scd</span> <span class='ocrx_word' id='word_1_206' title='bbox 1181 1483 1308 1523; x_wconf 87' lang='lat' dir='ltr'>prope</span> <span class='ocrx_word' id='word_1_207' title='bbox 1332 1468 1494 1509; x_wconf 89' lang='lat' dir='ltr'>lubenti</span> <span class='ocrx_word' id='word_1_208' title='bbox 1508 1467 1580 1516; x_wconf 55' lang='lat' dir='ltr'>liteTr</span> <span class='ocrx_word' id='word_1_209' title='bbox 1596 1497 1628 1516; x_wconf 77' lang='lat' dir='ltr'>se</span> <span class='ocrx_word' id='word_1_210' title='bbox 1644 1497 1694 1525; x_wconf 73' lang='lat' dir='ltr'>ge-</span> 
     </span>
     <span class='ocr_line' id='line_1_26' title="bbox 109 1519 1557 1574; baseline 0.004 -15"><span class='ocrx_word' id='word_1_211' title='bbox 109 1528 288 1574; x_wconf 85' lang='lat' dir='ltr'>possent.</span> <span class='ocrx_word' id='word_1_212' title='bbox 352 1519 513 1560; x_wconf 89' lang='lat' dir='ltr'>Verum</span> <span class='ocrx_word' id='word_1_213' title='bbox 546 1521 658 1561; x_wconf 90' lang='lat' dir='ltr'>enim</span> <span class='ocrx_word' id='word_1_214' title='bbox 689 1536 785 1562; x_wconf 90' lang='lat' dir='ltr'>vero</span> <span class='ocrx_word' id='word_1_215' title='bbox 819 1530 982 1562; x_wconf 88' lang='lat' dir='ltr'>tantum</span> <span class='ocrx_word' id='word_1_216' title='bbox 1016 1523 1247 1564; x_wconf 84' lang='lat' dir='ltr'>Pleminius</span> <span class='ocrx_word' id='word_1_217' title='bbox 1282 1524 1495 1565; x_wconf 84' lang='lat' dir='ltr'>Hamilca-</span> <span class='ocrx_word' id='word_1_218' title='bbox 1508 1529 1557 1559; x_wconf 82' lang='lat' dir='ltr'>rit.</span> 
     </span>
     <span class='ocr_line' id='line_1_27' title="bbox 109 1576 1494 1634; baseline 0.004 -19"><span class='ocrx_word' id='word_1_219' title='bbox 109 1590 197 1616; x_wconf 90' lang='lat' dir='ltr'>rem</span> <span class='ocrx_word' id='word_1_220' title='bbox 227 1576 422 1631; x_wconf 88' lang='lat' dir='ltr'>praesidii</span> <span class='ocrx_word' id='word_1_221' title='bbox 452 1577 721 1632; x_wconf 87' lang='lat' dir='ltr'>praefectum,</span> <span class='ocrx_word' id='word_1_222' title='bbox 745 1586 908 1618; x_wconf 91' lang='lat' dir='ltr'>tantum</span> <span class='ocrx_word' id='word_1_223' title='bbox 939 1579 1194 1634; x_wconf 86' lang='lat' dir='ltr'>praesidiarii</span> <span class='ocrx_word' id='word_1_224' title='bbox 1224 1580 1380 1621; x_wconf 89' lang='lat' dir='ltr'>milites</span> <span class='ocrx_word' id='word_1_225' title='bbox 1407 1581 1494 1622; x_wconf 85' lang='lat' dir='ltr'>Ro-</span> 
     </span>
     <span class='ocr_line' id='line_1_28' title="bbox 110 1633 1494 1690; baseline 0.004 -18"><span class='ocrx_word' id='word_1_226' title='bbox 110 1633 224 1672; x_wconf 90' lang='lat' dir='ltr'>mani</span> <span class='ocrx_word' id='word_1_227' title='bbox 254 1633 418 1674; x_wconf 90' lang='lat' dir='ltr'>Poenos</span> <span class='ocrx_word' id='word_1_228' title='bbox 448 1633 601 1674; x_wconf 89' lang='lat' dir='ltr'>scelere</span> <span class='ocrx_word' id='word_1_229' title='bbox 633 1643 757 1689; x_wconf 89' lang='lat' dir='ltr'>atquc</span> <span class='ocrx_word' id='word_1_230' title='bbox 789 1635 958 1675; x_wconf 86' lang='lat' dir='ltr'>avaritia</span> <span class='ocrx_word' id='word_1_231' title='bbox 988 1645 1299 1690; x_wconf 84' lang='lat' dir='ltr'>superaverunt,</span> <span class='ocrx_word' id='word_1_232' title='bbox 1332 1646 1379 1678; x_wconf 90' lang='lat' dir='ltr'>ut</span> <span class='ocrx_word' id='word_1_233' title='bbox 1409 1653 1494 1678; x_wconf 87' lang='lat' dir='ltr'>non</span> 
     </span>
     <span class='ocr_line' id='line_1_29' title="bbox 110 1689 1493 1749; baseline 0.005 -21"><span class='ocrx_word' id='word_1_234' title='bbox 110 1689 246 1737; x_wconf 89' lang='lat' dir='ltr'>armis,</span> <span class='ocrx_word' id='word_1_235' title='bbox 276 1689 350 1730; x_wconf 88' lang='lat' dir='ltr'>sed</span> <span class='ocrx_word' id='word_1_236' title='bbox 384 1689 494 1730; x_wconf 87' lang='lat' dir='ltr'>vitiis</span> <span class='ocrx_word' id='word_1_237' title='bbox 524 1690 735 1731; x_wconf 85' lang='lat' dir='ltr'>videretur</span> <span class='ocrx_word' id='word_1_238' title='bbox 771 1691 930 1731; x_wconf 87' lang='lat' dir='ltr'>certari.</span> <span class='ocrx_word' id='word_1_239' title='bbox 995 1691 1117 1732; x_wconf 80' lang='lat' dir='ltr'>Nihil</span> <span class='ocrx_word' id='word_1_240' title='bbox 1152 1693 1353 1743; x_wconf 88' lang='lat' dir='ltr'>omnium,</span> <span class='ocrx_word' id='word_1_241' title='bbox 1386 1709 1493 1749; x_wconf 87' lang='lat' dir='ltr'>quae</span> 
     </span>
     <span class='ocr_line' id='line_1_30' title="bbox 108 1745 1493 1806; baseline 0.004 -21"><span class='ocrx_word' id='word_1_242' title='bbox 108 1745 225 1800; x_wconf 87' lang='lat' dir='ltr'>inopi</span> <span class='ocrx_word' id='word_1_243' title='bbox 246 1745 395 1786; x_wconf 86' lang='lat' dir='ltr'>invisas</span> <span class='ocrx_word' id='word_1_244' title='bbox 417 1761 516 1801; x_wconf 91' lang='lat' dir='ltr'>opes</span> <span class='ocrx_word' id='word_1_245' title='bbox 536 1747 782 1801; x_wconf 89' lang='lat' dir='ltr'>potentioris</span> <span class='ocrx_word' id='word_1_246' title='bbox 803 1747 973 1796; x_wconf 86' lang='lat' dir='ltr'>faciunt,</span> <span class='ocrx_word' id='word_1_247' title='bbox 996 1750 1333 1803; x_wconf 85' lang='lat' dir='ltr'>praetermissum</span> <span class='ocrx_word' id='word_1_248' title='bbox 1354 1751 1398 1791; x_wconf 89' lang='lat' dir='ltr'>in</span> <span class='ocrx_word' id='word_1_249' title='bbox 1421 1766 1493 1806; x_wconf 91' lang='lat' dir='ltr'>op-</span> 
     </span>
     <span class='ocr_line' id='line_1_31' title="bbox 109 1801 1492 1862; baseline 0.005 -21"><span class='ocrx_word' id='word_1_250' title='bbox 109 1801 284 1857; x_wconf 88' lang='lat' dir='ltr'>pidanos</span> <span class='ocrx_word' id='word_1_251' title='bbox 309 1811 371 1843; x_wconf 90' lang='lat' dir='ltr'>est</span> <span class='ocrx_word' id='word_1_252' title='bbox 401 1803 451 1843; x_wconf 90' lang='lat' dir='ltr'>ab</span> <span class='ocrx_word' id='word_1_253' title='bbox 480 1802 601 1852; x_wconf 87' lang='lat' dir='ltr'>duee,</span> <span class='ocrx_word' id='word_1_254' title='bbox 624 1812 696 1844; x_wconf 90' lang='lat' dir='ltr'>aut</span> <span class='ocrx_word' id='word_1_255' title='bbox 726 1819 750 1844; x_wconf 89' lang='lat' dir='ltr'>a</span> <span class='ocrx_word' id='word_1_256' title='bbox 780 1804 1002 1845; x_wconf 87' lang='lat' dir='ltr'>militibus:</span> <span class='ocrx_word' id='word_1_257' title='bbox 1037 1805 1080 1845; x_wconf 87' lang='lat' dir='ltr'>in</span> <span class='ocrx_word' id='word_1_258' title='bbox 1103 1821 1275 1861; x_wconf 86' lang='lat' dir='ltr'>corpora</span> <span class='ocrx_word' id='word_1_259' title='bbox 1296 1807 1492 1862; x_wconf 86' lang='lat' dir='ltr'>ipsorum,</span> 
     </span>
     <span class='ocr_line' id='line_1_32' title="bbox 108 1858 1702 1918; baseline 0.005 -20"><span class='ocrx_word' id='word_1_260' title='bbox 108 1859 154 1898; x_wconf 90' lang='lat' dir='ltr'>in</span> <span class='ocrx_word' id='word_1_261' title='bbox 173 1858 336 1907; x_wconf 86' lang='lat' dir='ltr'>liberos,</span> <span class='ocrx_word' id='word_1_262' title='bbox 358 1859 403 1899; x_wconf 92' lang='lat' dir='ltr'>in</span> <span class='ocrx_word' id='word_1_263' title='bbox 424 1860 622 1915; x_wconf 83' lang='lat' dir='ltr'>coniuges</span> <span class='ocrx_word' id='word_1_264' title='bbox 653 1860 846 1901; x_wconf 88' lang='lat' dir='ltr'>infandae</span> <span class='ocrx_word' id='word_1_265' title='bbox 869 1862 1146 1903; x_wconf 84' lang='lat' dir='ltr'>contumeliae</span> <span class='ocrx_word' id='word_1_266' title='bbox 1168 1863 1316 1904; x_wconf 91' lang='lat' dir='ltr'>editae.</span> <span class='ocrx_word' id='word_1_267' title='bbox 1380 1863 1492 1905; x_wconf 85' lang='lat' dir='ltr'>Nam</span> <span class='ocrx_word' id='word_1_268' title='bbox 1508 1870 1588 1918; x_wconf 55' lang='lat' dir='ltr'>Ejus</span> <span class='ocrx_word' id='word_1_269' title='bbox 1603 1871 1702 1901; x_wconf 76' lang='lat' dir='ltr'>avari-</span> 
     </span>
     <span class='ocr_line' id='line_1_33' title="bbox 109 1915 1564 1971; baseline 0.004 -16"><span class='ocrx_word' id='word_1_270' title='bbox 109 1915 280 1956; x_wconf 83' lang='lat' dir='ltr'>avaritia</span> <span class='ocrx_word' id='word_1_271' title='bbox 298 1930 351 1956; x_wconf 89' lang='lat' dir='ltr'>ne</span> <span class='ocrx_word' id='word_1_272' title='bbox 374 1930 582 1957; x_wconf 84' lang='lat' dir='ltr'>sacrorum</span> <span class='ocrx_word' id='word_1_273' title='bbox 599 1917 770 1971; x_wconf 88' lang='lat' dir='ltr'>quidem</span> <span class='ocrx_word' id='word_1_274' title='bbox 793 1917 1036 1971; x_wconf 83' lang='lat' dir='ltr'>spoliatione</span> <span class='ocrx_word' id='word_1_275' title='bbox 1059 1919 1280 1959; x_wconf 85' lang='lat' dir='ltr'>abstinuit:</span> <span class='ocrx_word' id='word_1_276' title='bbox 1315 1935 1393 1960; x_wconf 91' lang='lat' dir='ltr'>nec</span> <span class='ocrx_word' id='word_1_277' title='bbox 1414 1921 1495 1961; x_wconf 86' lang='lat' dir='ltr'>alia</span> <span class='ocrx_word' id='word_1_278' title='bbox 1509 1918 1564 1943; x_wconf 51' lang='grc' dir='ltr'>ΠΗ·</span> 
     </span>
     <span class='ocr_line' id='line_1_34' title="bbox 109 1971 1494 2027; baseline 0.004 -16"><span class='ocrx_word' id='word_1_279' title='bbox 109 1971 235 2012; x_wconf 89' lang='lat' dir='ltr'>modo</span> <span class='ocrx_word' id='word_1_280' title='bbox 266 1972 422 2026; x_wconf 84' lang='lat' dir='ltr'>templa</span> <span class='ocrx_word' id='word_1_281' title='bbox 447 1972 610 2021; x_wconf 82' lang='lat' dir='ltr'>violata,</span> <span class='ocrx_word' id='word_1_282' title='bbox 633 1972 706 2012; x_wconf 91' lang='lat' dir='ltr'>sed</span> <span class='ocrx_word' id='word_1_283' title='bbox 728 1972 1000 2027; x_wconf 86' lang='lat' dir='ltr'>Proserpinae</span> <span class='ocrx_word' id='word_1_284' title='bbox 1032 1975 1170 2022; x_wconf 91' lang='lat' dir='ltr'>etiam,</span> <span class='ocrx_word' id='word_1_285' title='bbox 1203 1975 1348 2015; x_wconf 89' lang='lat' dir='ltr'>intacti</span> <span class='ocrx_word' id='word_1_286' title='bbox 1379 1977 1494 2016; x_wconf 91' lang='lat' dir='ltr'>omni</span> 
     </span>
     <span class='ocr_line' id='line_1_35' title="bbox 79 2028 1493 2085; baseline 0.003 -17"><span class='ocrx_word' id='word_1_287' title='bbox 79 2036 256 2076; x_wconf 79' lang='lat' dir='ltr'>2aetate,</span> <span class='ocrx_word' id='word_1_288' title='bbox 294 2028 502 2076; x_wconf 80' lang='lat' dir='ltr'>thesauri3</span> <span class='ocrx_word' id='word_1_289' title='bbox 545 2037 837 2085; x_wconf 86' lang='lat' dir='ltr'>praeterquam</span> <span class='ocrx_word' id='word_1_290' title='bbox 872 2029 987 2083; x_wconf 88' lang='lat' dir='ltr'>quod</span> <span class='ocrx_word' id='word_1_291' title='bbox 1023 2044 1046 2069; x_wconf 89' lang='lat' dir='ltr'>a</span> <span class='ocrx_word' id='word_1_292' title='bbox 1081 2030 1256 2085; x_wconf 79' lang='lat' dir='ltr'>Pyrrho,</span> <span class='ocrx_word' id='word_1_293' title='bbox 1289 2032 1361 2085; x_wconf 86' lang='lat' dir='ltr'>qui</span> <span class='ocrx_word' id='word_1_294' title='bbox 1397 2047 1493 2072; x_wconf 91' lang='lat' dir='ltr'>cum</span> 
     </span>
     <span class='ocr_line' id='line_1_36' title="bbox 109 2083 1493 2142; baseline 0.004 -19"><span class='ocrx_word' id='word_1_295' title='bbox 109 2099 261 2139; x_wconf 83' lang='lat' dir='ltr'>magno</span> <span class='ocrx_word' id='word_1_296' title='bbox 282 2083 445 2139; x_wconf 88' lang='lat' dir='ltr'>piaculo</span> <span class='ocrx_word' id='word_1_297' title='bbox 467 2084 669 2139; x_wconf 86' lang='lat' dir='ltr'>sacrilegii</span> <span class='ocrx_word' id='word_1_298' title='bbox 690 2085 753 2124; x_wconf 89' lang='lat' dir='ltr'>sui</span> <span class='ocrx_word' id='word_1_299' title='bbox 778 2085 994 2125; x_wconf 86' lang='lat' dir='ltr'>manubias</span> <span class='ocrx_word' id='word_1_300' title='bbox 1018 2086 1172 2134; x_wconf 88' lang='lat' dir='ltr'>retulit,</span> <span class='ocrx_word' id='word_1_301' title='bbox 1194 2086 1358 2142; x_wconf 88' lang='lat' dir='ltr'>spoliati</span> <span class='ocrx_word' id='word_1_302' title='bbox 1380 2088 1493 2128; x_wconf 91' lang='lat' dir='ltr'>diee-</span> 
     </span>
     <span class='ocr_line' id='line_1_37' title="bbox 110 2140 1491 2199; baseline 0.003 -18"><span class='ocrx_word' id='word_1_303' title='bbox 110 2141 272 2181; x_wconf 91' lang='lat' dir='ltr'>bantur.</span> <span class='ocrx_word' id='word_1_304' title='bbox 337 2140 448 2195; x_wconf 80' lang='lat' dir='ltr'>Ergo</span> <span class='ocrx_word' id='word_1_305' title='bbox 470 2141 576 2181; x_wconf 88' lang='lat' dir='ltr'>sicut</span> <span class='ocrx_word' id='word_1_306' title='bbox 596 2149 692 2181; x_wconf 89' lang='lat' dir='ltr'>ante</span> <span class='ocrx_word' id='word_1_307' title='bbox 714 2141 850 2196; x_wconf 77' lang='lat' dir='ltr'>regiae</span> <span class='ocrx_word' id='word_1_308' title='bbox 873 2156 1010 2190; x_wconf 74' lang='lat' dir='ltr'>naves,</span> <span class='ocrx_word' id='word_1_309' title='bbox 1033 2142 1233 2183; x_wconf 85' lang='lat' dir='ltr'>laceratae</span> <span class='ocrx_word' id='word_1_310' title='bbox 1255 2143 1491 2199; x_wconf 77' lang='lat' dir='ltr'>naufragiis,</span> 
     </span>
     <span class='ocr_line' id='line_1_38' title="bbox 110 2197 1491 2254; baseline 0.003 -17"><span class='ocrx_word' id='word_1_311' title='bbox 110 2197 216 2237; x_wconf 85' lang='lat' dir='ltr'>nihil</span> <span class='ocrx_word' id='word_1_312' title='bbox 255 2197 299 2237; x_wconf 91' lang='lat' dir='ltr'>in</span> <span class='ocrx_word' id='word_1_313' title='bbox 339 2206 489 2237; x_wconf 88' lang='lat' dir='ltr'>terram</span> <span class='ocrx_word' id='word_1_314' title='bbox 530 2197 695 2252; x_wconf 85' lang='lat' dir='ltr'>integri,</span> <span class='ocrx_word' id='word_1_315' title='bbox 728 2206 892 2252; x_wconf 85' lang='lat' dir='ltr'>praeter</span> <span class='ocrx_word' id='word_1_316' title='bbox 926 2212 1081 2238; x_wconf 86' lang='lat' dir='ltr'>sacram</span> <span class='ocrx_word' id='word_1_317' title='bbox 1116 2200 1335 2254; x_wconf 87' lang='lat' dir='ltr'>pecuniam</span> <span class='ocrx_word' id='word_1_318' title='bbox 1374 2201 1491 2250; x_wconf 88' lang='lat' dir='ltr'>deae,</span> 
     </span>
     <span class='ocr_line' id='line_1_39' title="bbox 110 2253 1493 2311; baseline 0.004 -18"><span class='ocrx_word' id='word_1_319' title='bbox 110 2268 236 2308; x_wconf 87' lang='lat' dir='ltr'>quam</span> <span class='ocrx_word' id='word_1_320' title='bbox 258 2254 535 2308; x_wconf 83' lang='lat' dir='ltr'>asportabant,</span> <span class='ocrx_word' id='word_1_321' title='bbox 553 2253 790 2294; x_wconf 82' lang='lat' dir='ltr'>extulerant</span> <span class='ocrx_word' id='word_1_322' title='bbox 802 2270 813 2302; x_wconf 88' lang='lat'>;</span> <span class='ocrx_word' id='word_1_323' title='bbox 841 2263 929 2294; x_wconf 92' lang='lat' dir='ltr'>tum</span> <span class='ocrx_word' id='word_1_324' title='bbox 946 2270 1115 2310; x_wconf 88' lang='lat' dir='ltr'>quoque</span> <span class='ocrx_word' id='word_1_325' title='bbox 1137 2255 1216 2296; x_wconf 87' lang='lat' dir='ltr'>alio</span> <span class='ocrx_word' id='word_1_326' title='bbox 1237 2271 1388 2311; x_wconf 83' lang='lat' dir='ltr'>genere</span> <span class='ocrx_word' id='word_1_327' title='bbox 1411 2257 1493 2298; x_wconf 91' lang='lat' dir='ltr'>cla-</span> 
     </span>
     <span class='ocr_line' id='line_1_40' title="bbox 110 2309 1493 2364; baseline 0.004 -15"><span class='ocrx_word' id='word_1_328' title='bbox 110 2310 175 2350; x_wconf 86' lang='lat' dir='ltr'>dis</span> <span class='ocrx_word' id='word_1_329' title='bbox 195 2309 341 2350; x_wconf 90' lang='lat' dir='ltr'>eadem</span> <span class='ocrx_word' id='word_1_330' title='bbox 362 2309 432 2349; x_wconf 89' lang='lat' dir='ltr'>illa</span> <span class='ocrx_word' id='word_1_331' title='bbox 451 2310 630 2364; x_wconf 89' lang='lat' dir='ltr'>pecunia</span> <span class='ocrx_word' id='word_1_332' title='bbox 650 2310 843 2351; x_wconf 88' lang='lat' dir='ltr'>omnibus</span> <span class='ocrx_word' id='word_1_333' title='bbox 863 2313 1064 2352; x_wconf 85' lang='lat' dir='ltr'>contactis</span> <span class='ocrx_word' id='word_1_334' title='bbox 1080 2326 1129 2352; x_wconf 91' lang='lat' dir='ltr'>ea</span> <span class='ocrx_word' id='word_1_335' title='bbox 1143 2312 1366 2353; x_wconf 82' lang='lat' dir='ltr'>violatione</span> <span class='ocrx_word' id='word_1_336' title='bbox 1388 2322 1493 2354; x_wconf 89' lang='lat' dir='ltr'>tem-</span> 
     </span>
     <span class='ocr_line' id='line_1_41' title="bbox 110 2365 1492 2421; baseline 0.003 -16"><span class='ocrx_word' id='word_1_337' title='bbox 110 2365 169 2421; x_wconf 90' lang='lat' dir='ltr'>pli</span> <span class='ocrx_word' id='word_1_338' title='bbox 189 2366 371 2406; x_wconf 90' lang='lat' dir='ltr'>furorem</span> <span class='ocrx_word' id='word_1_339' title='bbox 393 2366 557 2414; x_wconf 87' lang='lat' dir='ltr'>obiecit,</span> <span class='ocrx_word' id='word_1_340' title='bbox 580 2375 704 2421; x_wconf 90' lang='lat' dir='ltr'>atque</span> <span class='ocrx_word' id='word_1_341' title='bbox 736 2367 846 2407; x_wconf 87' lang='lat' dir='ltr'>inter</span> <span class='ocrx_word' id='word_1_342' title='bbox 875 2382 917 2407; x_wconf 92' lang='lat' dir='ltr'>se</span> <span class='ocrx_word' id='word_1_343' title='bbox 946 2367 1098 2408; x_wconf 89' lang='lat' dir='ltr'>ducem</span> <span class='ocrx_word' id='word_1_344' title='bbox 1128 2368 1172 2407; x_wconf 89' lang='lat' dir='ltr'>in</span> <span class='ocrx_word' id='word_1_345' title='bbox 1197 2368 1361 2417; x_wconf 88' lang='lat' dir='ltr'>ducem,</span> <span class='ocrx_word' id='word_1_346' title='bbox 1384 2369 1492 2409; x_wconf 90' lang='lat' dir='ltr'>mili-</span> 
     </span>
     <span class='ocr_line' id='line_1_42' title="bbox 111 2421 1620 2467; baseline 0.003 -4"><span class='ocrx_word' id='word_1_347' title='bbox 111 2432 195 2463; x_wconf 90' lang='lat' dir='ltr'>tem</span> <span class='ocrx_word' id='word_1_348' title='bbox 216 2422 261 2462; x_wconf 88' lang='lat' dir='ltr'>in</span> <span class='ocrx_word' id='word_1_349' title='bbox 282 2421 458 2462; x_wconf 90' lang='lat' dir='ltr'>militem</span> <span class='ocrx_word' id='word_1_350' title='bbox 478 2422 590 2462; x_wconf 88' lang='lat' dir='ltr'>rabie</span> <span class='ocrx_word' id='word_1_351' title='bbox 612 2422 752 2462; x_wconf 87' lang='lat' dir='ltr'>hostili</span> <span class='ocrx_word' id='word_1_352' title='bbox 772 2423 907 2463; x_wconf 81' lang='lat' dir='ltr'>vertit.</span> <span class='ocrx_word' id='word_1_353' title='bbox 968 2423 1162 2464; x_wconf 87' lang='lat' dir='ltr'>Summae</span> <span class='ocrx_word' id='word_1_354' title='bbox 1183 2425 1244 2464; x_wconf 89' lang='lat' dir='ltr'>rei</span> <span class='ocrx_word' id='word_1_355' title='bbox 1260 2424 1491 2466; x_wconf 88' lang='lat' dir='ltr'>Pleminius</span> <span class='ocrx_word' id='word_1_356' title='bbox 1584 2430 1620 2467; x_wconf 89' lang='lat'>9.</span> 
     </span>
     <span class='ocr_line' id='line_1_43' title="bbox 110 2478 1491 2536; baseline 0.004 -18"><span class='ocrx_word' id='word_1_357' title='bbox 110 2486 321 2534; x_wconf 87' lang='lat' dir='ltr'>praeerat:</span> <span class='ocrx_word' id='word_1_358' title='bbox 358 2478 537 2517; x_wconf 84' lang='lat' dir='ltr'>militum</span> <span class='ocrx_word' id='word_1_359' title='bbox 567 2492 660 2532; x_wconf 88' lang='lat' dir='ltr'>pars</span> <span class='ocrx_word' id='word_1_360' title='bbox 690 2479 765 2518; x_wconf 88' lang='lat' dir='ltr'>sub</span> <span class='ocrx_word' id='word_1_361' title='bbox 794 2494 856 2527; x_wconf 91' lang='lat' dir='ltr'>eo,</span> <span class='ocrx_word' id='word_1_362' title='bbox 880 2494 1005 2532; x_wconf 90' lang='lat' dir='ltr'>quam</span> <span class='ocrx_word' id='word_1_363' title='bbox 1036 2480 1123 2534; x_wconf 87' lang='lat' dir='ltr'>ipse</span> <span class='ocrx_word' id='word_1_364' title='bbox 1155 2481 1205 2520; x_wconf 90' lang='lat' dir='ltr'>ab</span> <span class='ocrx_word' id='word_1_365' title='bbox 1231 2480 1398 2536; x_wconf 82' lang='lat' dir='ltr'>Rhegio</span> <span class='ocrx_word' id='word_1_366' title='bbox 1420 2483 1491 2523; x_wconf 87' lang='lat' dir='ltr'>ab-</span> 
     </span>
    </p>
   </div>
   <div class='ocr_carea' id='block_1_3' title="bbox 81 2534 1688 2624">
    <p class='ocr_par' dir='ltr' id='par_1_3' title="bbox 81 2534 1688 2624">
     <span class='ocr_line' id='line_1_44' title="bbox 81 2534 1681 2592; baseline 0.004 -17"><span class='ocrx_word' id='word_1_367' title='bbox 81 2553 98 2583; x_wconf 82' lang='lat'><strong>3</strong></span> <span class='ocrx_word' id='word_1_368' title='bbox 112 2535 300 2583; x_wconf 82' lang='lat' dir='ltr'>duxerat,</span> <span class='ocrx_word' id='word_1_369' title='bbox 317 2549 411 2589; x_wconf 86' lang='lat' dir='ltr'>pars</span> <span class='ocrx_word' id='word_1_370' title='bbox 432 2535 507 2574; x_wconf 87' lang='lat' dir='ltr'>sub</span> <span class='ocrx_word' id='word_1_371' title='bbox 529 2534 705 2574; x_wconf 88' lang='lat' dir='ltr'>tribunis</span> <span class='ocrx_word' id='word_1_372' title='bbox 726 2544 824 2575; x_wconf 87' lang='lat' dir='ltr'>erat.</span> <span class='ocrx_word' id='word_1_373' title='bbox 889 2535 1028 2590; x_wconf 87' lang='lat' dir='ltr'>Rapto</span> <span class='ocrx_word' id='word_1_374' title='bbox 1050 2536 1200 2590; x_wconf 90' lang='lat' dir='ltr'>poculo</span> <span class='ocrx_word' id='word_1_375' title='bbox 1221 2546 1418 2592; x_wconf 82' lang='lat' dir='ltr'>argenteo</span> <span class='ocrx_word' id='word_1_376' title='bbox 1439 2554 1492 2580; x_wconf 83' lang='lat' dir='ltr'>ex</span> <span class='ocrx_word' id='word_1_377' title='bbox 1508 2551 1621 2591; x_wconf 76' lang='lat' dir='ltr'>Pugna</span> <span class='ocrx_word' id='word_1_378' title='bbox 1636 2553 1681 2582; x_wconf 73' lang='lat' dir='ltr'>in-</span> 
     </span>
     <span class='ocr_line' id='line_1_45' title="bbox 1507 2594 1688 2624; baseline 0.011 -2"><span class='ocrx_word' id='word_1_379' title='bbox 1507 2597 1556 2623; x_wconf 86' lang='lat' dir='ltr'>ter</span> <span class='ocrx_word' id='word_1_380' title='bbox 1570 2594 1688 2624; x_wconf 75' lang='lat' dir='ltr'>milites</span> 
     </span>
    </p>
   </div>
   <div class='ocr_carea' id='block_1_4' title="bbox 156 2635 1604 2706">
    <p class='ocr_par' dir='ltr' id='par_1_4' title="bbox 156 2635 1604 2706">
     <span class='ocr_line' id='line_1_46' title="bbox 156 2635 1604 2706; baseline 0.005 -16"><span class='ocrx_word' id='word_1_381' title='bbox 156 2671 173 2691; x_wconf 80' lang='lat'>2</span> <span class='ocrx_word' id='word_1_382' title='bbox 198 2662 278 2691; x_wconf 75' lang='lat' dir='ltr'>Cum</span> <span class='ocrx_word' id='word_1_383' title='bbox 309 2671 422 2699; x_wconf 70' lang='lat' dir='ltr'>mayno</span> <span class='ocrx_word' id='word_1_384' title='bbox 449 2661 597 2699; x_wconf 78' lang='lat' dir='ltr'>piaculo]</span> <span class='ocrx_word' id='word_1_385' title='bbox 639 2661 691 2690; x_wconf 86' lang='lat' dir='ltr'>De</span> <span class='ocrx_word' id='word_1_386' title='bbox 722 2660 782 2690; x_wconf 86' lang='lat' dir='ltr'>hac</span> <span class='ocrx_word' id='word_1_387' title='bbox 826 2671 864 2691; x_wconf 85' lang='lat' dir='ltr'>ex</span> <span class='ocrx_word' id='word_1_388' title='bbox 897 2661 1007 2692; x_wconf 79' lang='lat' dir='ltr'>Sicilia</span> <span class='ocrx_word' id='word_1_389' title='bbox 1036 2662 1147 2693; x_wconf 75' lang='lat' dir='ltr'>missos</span> <span class='ocrx_word' id='word_1_390' title='bbox 1177 2674 1243 2694; x_wconf 83' lang='lat' dir='ltr'>esse</span> <span class='ocrx_word' id='word_1_391' title='bbox 1278 2675 1351 2696; x_wconf 89' lang='lat' dir='ltr'>cum</span> <span class='ocrx_word' id='word_1_392' title='bbox 1385 2666 1493 2706; x_wconf 81' lang='lat' dir='ltr'>aliquo</span> <span class='ocrx_word' id='word_1_393' title='bbox 1507 2635 1604 2667; x_wconf 68' lang='lat' dir='ltr'>Rom&#39;</span> 
     </span>
    </p>
   </div>
   <div class='ocr_carea' id='block_1_5' title="bbox 113 2702 1494 2825">
    <p class='ocr_par' dir='ltr' id='par_1_5' title="bbox 113 2702 1494 2825">
     <span class='ocr_line' id='line_1_47' title="bbox 113 2702 1494 2747; baseline 0.004 -14"><span class='ocrx_word' id='word_1_394' title='bbox 113 2702 268 2741; x_wconf 82' lang='lat' dir='ltr'>sacrilegii</span> <span class='ocrx_word' id='word_1_395' title='bbox 285 2702 480 2741; x_wconf 80' lang='lat' dir='ltr'>expiatione,</span> <span class='ocrx_word' id='word_1_396' title='bbox 497 2702 535 2733; x_wconf 87' lang='lat' dir='ltr'>cf.</span> <span class='ocrx_word' id='word_1_397' title='bbox 552 2702 624 2733; x_wconf 80' lang='lat' dir='ltr'>infr.</span> <span class='ocrx_word' id='word_1_398' title='bbox 645 2703 690 2732; x_wconf 89' lang='lat'>18.</span> <span class='ocrx_word' id='word_1_399' title='bbox 825 2703 966 2733; x_wconf 87' lang='lat' dir='ltr'>militum</span> <span class='ocrx_word' id='word_1_400' title='bbox 991 2715 1135 2742; x_wconf 75' lang='lat' dir='ltr'>numero,</span> <span class='ocrx_word' id='word_1_401' title='bbox 1156 2706 1271 2744; x_wconf 84' lang='lat' dir='ltr'>quibus</span> <span class='ocrx_word' id='word_1_402' title='bbox 1295 2713 1326 2737; x_wconf 88' lang='lat' dir='ltr'>et</span> <span class='ocrx_word' id='word_1_403' title='bbox 1350 2718 1494 2747; x_wconf 83' lang='lat' dir='ltr'>praeesse</span> 
     </span>
     <span class='ocr_line' id='line_1_48' title="bbox 159 2744 1494 2787; baseline 0.006 -14"><span class='ocrx_word' id='word_1_404' title='bbox 159 2754 176 2783; x_wconf 81' lang='lat'>3</span> <span class='ocrx_word' id='word_1_405' title='bbox 199 2746 285 2774; x_wconf 78' lang='lat' dir='ltr'>Pars</span> <span class='ocrx_word' id='word_1_406' title='bbox 310 2745 367 2774; x_wconf 80' lang='lat' dir='ltr'>sub</span> <span class='ocrx_word' id='word_1_407' title='bbox 393 2745 532 2774; x_wconf 73' lang='lat' dir='ltr'>tribunis</span> <span class='ocrx_word' id='word_1_408' title='bbox 558 2746 644 2783; x_wconf 81' lang='lat' dir='ltr'>erat]</span> <span class='ocrx_word' id='word_1_409' title='bbox 678 2744 782 2774; x_wconf 83' lang='lat' dir='ltr'>Nimi-</span> <span class='ocrx_word' id='word_1_410' title='bbox 828 2755 892 2781; x_wconf 87' lang='lat' dir='ltr'>eos,</span> <span class='ocrx_word' id='word_1_411' title='bbox 913 2750 1065 2785; x_wconf 83' lang='lat' dir='ltr'>tanquam</span> <span class='ocrx_word' id='word_1_412' title='bbox 1090 2748 1234 2787; x_wconf 83' lang='lat' dir='ltr'>proprios</span> <span class='ocrx_word' id='word_1_413' title='bbox 1257 2750 1364 2787; x_wconf 77' lang='lat' dir='ltr'>duces,</span> <span class='ocrx_word' id='word_1_414' title='bbox 1384 2752 1494 2781; x_wconf 84' lang='lat' dir='ltr'>consul</span> 
     </span>
     <span class='ocr_line' id='line_1_49' title="bbox 114 2786 1070 2825; baseline -0.001 -9"><span class='ocrx_word' id='word_1_415' title='bbox 114 2796 184 2816; x_wconf 86' lang='lat' dir='ltr'>rum</span> <span class='ocrx_word' id='word_1_416' title='bbox 198 2786 368 2816; x_wconf 83' lang='lat' dir='ltr'>verisimile</span> <span class='ocrx_word' id='word_1_417' title='bbox 381 2790 427 2816; x_wconf 83' lang='lat' dir='ltr'>est</span> <span class='ocrx_word' id='word_1_418' title='bbox 439 2786 582 2815; x_wconf 84' lang='lat' dir='ltr'>tribunos</span> <span class='ocrx_word' id='word_1_419' title='bbox 598 2796 615 2816; x_wconf 84' lang='lat' dir='ltr'>a</span> <span class='ocrx_word' id='word_1_420' title='bbox 633 2786 783 2825; x_wconf 79' lang='lat' dir='ltr'>Scipione</span> <span class='ocrx_word' id='word_1_421' title='bbox 831 2787 939 2818; x_wconf 77' lang='lat' dir='ltr'>voluit.</span> <span class='ocrx_word' id='word_1_422' title='bbox 965 2789 1070 2819; x_wconf 75' lang='lat' dir='ltr'>CREv,</span> 
     </span>
    </p>
   </div>
   <div class='ocr_carea' id='block_1_6' title="bbox 1142 2831 1267 2872">
    <p class='ocr_par' dir='ltr' id='par_1_6' title="bbox 1142 2831 1267 2872">
     <span class='ocr_line' id='line_1_50' title="bbox 1142 2831 1267 2872; baseline 0.008 -1"><span class='ocrx_word' id='word_1_423' title='bbox 1142 2831 1267 2872; x_wconf 73' lang='lat' dir='ltr'>nh2</span> 
     </span>
    </p>
   </div>
  </div>
 </body>
</html>
