1846 3173
311 110 388 147 112
809 100 956 143 ΤΙΤΙ
1000 98 1177 141 LIVII

100 205 143 235 U.
160 205 197 235 (ἲ.
222 194 509 251 536.‘postulo,
542 192 768 248 ceterique,
801 191 874 247 qui
905 189 1079 231 adestis:
1114 187 1186 243 qui
1218 200 1302 226 non
1335 184 1543 233 iuraverit,
1576 184 1619 223 in
1650 197 1692 223 se

98 248 137 278 Α·
162 249 199 278 O.
223 246 448 293 ²¹⁶·⁶l1unc
480 251 667 307 gladium
702 249 890 290 strictum
923 262 1010 287 esse
1044 245 1170 286 sciat.'
1234 242 1361 283 Haud
1392 256 1509 282 secus
1539 240 1691 296 pavidi,

307 325 434 366 quam
469 310 502 349 si
534 309 733 349 victorem
770 303 1052 346 Hannibalem
1086 308 1316 348 cernerent,
1350 299 1489 339 iurant
1524 312 1689 338 omnes:

307 366 684 420 custodiendosque
707 371 838 404 semet
855 362 964 417 ipsos
988 359 1174 415 Scipioni
1196 357 1376 398 tradunt.

367 425 430 465 Eo
453 433 652 478 tempore,
675 436 759 476 quo
787 419 889 460 haec
914 417 1088 458 Canusii
1117 416 1359 471 agebantur,
1382 412 1613 453 Venusiam
1640 410 1694 451 ad

308 482 521 523 consulem
540 480 592 520 ad
606 486 802 534 quattuor
815 475 944 516 millia
960 483 1002 515 et
1020 472 1239 529 quingenti
1255 471 1417 527 pedites
1431 469 1692 524 equitesque,

309 540 382 595 qui
403 538 531 594 sparsi
558 536 656 592 fuga
682 549 758 590 per
788 548 906 589 agros
931 532 1108 580 fuerant,
1131 543 1370 585 pervenere.
1434 525 1519 566 Eos
1550 539 1694 565 omnes

309 596 515 637 Venusini
557 609 632 650 per
671 591 845 632 familias
885 590 1066 644 benigne
1104 585 1369 642 accipiendos
1404 582 1693 637 curandosque

309 669 439 710 quum
476 651 723 698 divisissent,
756 649 800 688 in
831 646 1015 702 singulos
1047 645 1208 700 equites
1239 651 1355 698 togas
1385 650 1427 681 et
1459 640 1619 680 tunicas
1653 647 1725 679 etz

308 710 574 767 quadrigatos
595 721 788 748 nummos
810 705 960 760 quinos
982 703 1162 749 vicenos,
1186 709 1228 741 et
1255 699 1467 756 peditibus
1487 697 1630 745 denos,
1653 704 1696 736 et

309 783 435 816 arma,
459 767 611 822 quibus
633 765 818 810 deerant,
841 761 1073 802 dederunt:
1108 767 1328 812 ceteraque
1349 754 1514 811 publice
1544 769 1590 794 ac
1610 753 1695 808 pri-

307 826 433 866 vatim
450 822 708 879 hospitaliter
723 820 841 868 facta,
860 826 1163 872 certatumque,
1180 830 1233 855 ne
1251 830 1275 855 a
1290 813 1463 854 muliere
1481 810 1696 852 Canusina

307 882 486 938 populus
522 879 765 920 Venusinus
796 876 939 917 officiis
968 875 1215 915 vinceretur.
1281 870 1365 912 Sed
1394 869 1559 924 gravius
1590 882 1695 908 onus

308 940 445 980 Busae
468 936 693 978 multitudo
714 934 903 981 faciebat,
926 941 968 973 et
988 933 1068 973 iam
1092 931 1145 971 ad
1161 930 1308 969 decem
1330 927 1460 967 millia
1475 925 1695 966 hominum

307 1005 436 1037 erant.
500 994 749 1050 Appiusque
789 999 831 1031 et
874 989 1026 1045 Scipio,
1063 996 1282 1043 postquam
1318 983 1570 1025 incolumem
1606 996 1694 1022 esse

308 1054 485 1094 alterum
513 1050 726 1092 consulem
756 1056 1020 1103 acceperunt,
1042 1045 1239 1085 nuntium
1268 1040 1480 1096 extemplo
1508 1039 1693 1087 mittunt,

308 1118 489 1165 quantae
511 1122 653 1148 secum
680 1106 870 1161 peditum
899 1103 1173 1158 equitumque
1196 1100 1338 1154 copiae
1361 1106 1524 1139 essent:
1558 1095 1696 1137 scisci-

308 1175 524 1221 tatumque
561 1163 696 1211 simul,
730 1171 871 1202 utrum
903 1159 1134 1200 Venusiam
1175 1156 1327 1197 adduci
1364 1154 1608 1201 exercitum,
1642 1167 1696 1192 an

308 1238 476 1264 manere
498 1222 662 1262 iuberet
686 1218 894 1259 Canusii?
925 1216 1059 1256 Varro
1080 1216 1167 1270 ipse
1194 1213 1427 1254 Canusium
1456 1210 1594 1265 copias
1615 1219 1697 1249 tra-

308 1281 442 1321 duxit.
507 1279 562 1319 Et
595 1278 677 1318 iam
713 1276 853 1330 aliqua
887 1273 1045 1330 species
1078 1270 1305 1312 consularis
1341 1267 1549 1309 exercitus
1583 1274 1694 1314 erat3

310 1337 613 1391 moenibusque
642 1350 684 1375 se
717 1342 842 1381 certe,
869 1332 903 1372 si
934 1346 1020 1371 non
1051 1329 1187 1378 armis,
1218 1328 1268 1368 ab
1298 1327 1417 1367 hoste
1448 1323 1698 1365 videbantur

311 1393 535 1435 defensuri.

370 1451 563 1498 Romam,
587 1464 639 1488 ne
656 1448 728 1488 has
750 1446 922 1502 quidem
946 1444 1141 1499 reliquias
1157 1455 1369 1498 superesse
1391 1439 1545 1480 civium
1566 1437 1697 1478 socio-

311 1522 501 1563 rumque,
524 1506 597 1547 sed
619 1504 834 1546 occidione
853 1502 1008 1543 occisos
1029 1516 1125 1541 cum
1147 1499 1310 1540 dnobus
1326 1496 1577 1538 exercitibus
1599 1509 1696 1535 con-

104 1577 208 1607 Pavor
225 1577 290 1624 Rq-
310 1565 431 1614 sules,
454 1564 695 1618 deletasque
718 1575 861 1601 omnes
883 1559 1034 1614 copias,
1053 1557 1223 1597 allatum
1239 1556 1384 1596 suerat.
1449 1552 1696 1607 Nunquam,

101 1629 174 1679 nme
190 1629 289 1648 mam-
311 1622 421 1664 salva
449 1622 563 1670 urbe,
588 1628 752 1661 tantum
780 1617 943 1673 pavoris
972 1614 1259 1668 tumultusque
1286 1612 1395 1652 intra
1422 1609 1589 1651 moenia
1610 1608 1698 1649 Ro-

101 1672 184 1692 mua
311 1695 435 1720 mana
453 1678 542 1719 fuit.
597 1677 745 1731 Itaque
768 1673 1035 1715 succumbam
1056 1671 1186 1719 oneri,
1209 1684 1346 1724 neque
1369 1666 1585 1723 aggrediar
1605 1681 1699 1706 nar-

311 1752 414 1786 rare,
433 1751 539 1791 quae
558 1731 844 1775 edissertando
861 1731 1023 1770 minora
1042 1743 1140 1769 vero
1162 1728 1308 1768 fecero.
1375 1723 1559 1765 Consule
1582 1737 1701 1763 exer-

310 1794 481 1849 cituque
518 1792 571 1833 ad
603 1790 894 1831 Trasimenum
926 1787 1061 1842 priore
1095 1800 1204 1825 anno
1240 1783 1400 1830 amisso,
1433 1796 1518 1821 non
1548 1779 1730 1820 vulnus3

311 1866 436 1906 super
456 1849 620 1897 vulnus,
643 1847 717 1888 sed
739 1844 959 1900 multiplex
985 1842 1135 1891 clades,
1158 1855 1253 1882 cnm
1276 1839 1439 1880 duobus
1460 1836 1699 1878 consulibus

311 1908 396 1948 duo
419 1906 653 1948 consulares
675 1903 882 1945 exercitus
903 1900 1040 1941 amissi
1062 1898 1379 1939 nuntiabantur:
1413 1910 1491 1935 nec
1514 1893 1596 1934 ulla
1617 1893 1700 1933 iam

309 1973 444 2005 castra
474 1964 678 2010 Romana,
701 1976 779 2001 nec
807 1959 971 2006 ducem,
994 1971 1073 1997 nec
1095 1955 1272 1996 militem
1301 1968 1412 1994 esse:
1448 1949 1700 1991 Hannibalis

313 2021 527 2078 Apuliam,
563 2018 792 2066 Samnium,
825 2030 871 2056 ac
903 2015 984 2055 iam
1020 2028 1149 2069 prope
1181 2020 1309 2052 totam
1342 2009 1505 2050 Italiam
1534 2007 1696 2047 factam.

313 2078 445 2119 Nulla
464 2077 649 2133 profecto
671 2075 751 2116 alia
770 2088 872 2129 gens
893 2080 1009 2112 tanta
1025 2071 1132 2110 mole
1155 2068 1283 2109 cladis
1303 2082 1389 2107 non
1411 2066 1559 2107 obruta
1579 2071 1697 2104 esset.

317 2135 545 2189 Compares
585 2133 747 2174 cladem
781 2130 833 2171 ad
868 2130 1050 2183 Aegates
1082 2125 1237 2166 insulas
1272 2121 1698 2177 Carthaginiensium,

312 2192 472 2246 proelio
492 2190 627 2230 navali
655 2196 881 2243 acceptam,
905 2200 988 2240 qua
1007 2183 1125 2224 fracti
1157 2181 1297 2222 Sicilia
1324 2195 1370 2220 ac
1402 2178 1593 2219 Sardinia
1612 2191 1700 2217 ces-

314 2263 415 2297 sere,
434 2248 532 2287 hinc
553 2245 775 2300 vectigales
791 2259 837 2284 ac
859 2240 1150 2297 stipendiarios
1171 2238 1261 2278 fieri
1283 2252 1325 2277 se
1347 2235 1455 2291 passi
1476 2242 1573 2275 sunt
1585 2249 1595 2282 ;
1629 2241 1700 2274 aut

162 431 228 468 54.

99 486 277 515 Venusiam

99 538 139 557 ex
157 528 232 567 fuga.

99 574 215 600 coeunt
231 571 272 599 ad

98 616 250 650 quattuor

100 654 267 684 hominum

98 697 210 728 millia.

359 2387 374 2405 2
402 2377 442 2405 Ῐιι
456 2375 598 2412 singyulos
612 2373 731 2412 equites
753 2376 839 2409 toyczs
855 2374 884 2399 et
901 2369 984 2398 [zuzi-

316 2420 384 2456 cas]
418 2417 517 2453 Hinc,
544 2419 576 2446 et
600 2425 639 2445 ex
667 2413 737 2444 aliis
763 2412 874 2442 itidem
903 2409 985 2441 Livii

316 2461 405 2496 locis,
427 2459 516 2489 xxix.
539 2468 566 2497 5.
592 2461 624 2487 et
653 2455 700 2495 36.
723 2455 798 2484 xliv.
828 2453 873 2484 16.
897 2456 986 2492 patet

316 2507 405 2541 togas
435 2501 531 2531 etiam
558 2511 578 2529 a
603 2497 816 2528 militantibus
837 2498 985 2535 gestatas

318 2545 361 2574 At
379 2544 481 2583 primo
501 2541 747 2580 intelligendum
768 2542 816 2568 est
838 2548 891 2568 eos
907 2537 988 2576 togis

316 2596 390 2615 usos
406 2596 483 2621 esse,
499 2595 563 2614 non
583 2584 616 2614 in
632 2582 713 2619 acie,
727 2582 782 2612 sed
801 2581 833 2610 in
848 2578 988 2609 hibernis

318 2631 374 2656 aut
390 2628 422 2656 in
439 2626 503 2656 otio
520 2630 702 2656 castrorum.
749 2622 878 2653 Deinde
894 2631 933 2651 ex
950 2631 987 2650 eo

319 2669 404 2706 quod
417 2668 468 2698 hic
481 2669 619 2697 solorum
632 2666 776 2706 equitum
789 2665 845 2694 fiat
856 2663 988 2699 mentio,

317 2714 351 2740 et
362 2710 392 2739 in
407 2711 531 2739 duobus
542 2710 664 2738 ultimis
676 2708 753 2738 locis
763 2717 859 2746 supra
870 2715 989 2736 memo-

320 2752 395 2781 ratis
406 2761 555 2780 numerus
565 2755 808 2789 togarum,quae
819 2748 990 2778 mittuntur

320 2795 361 2824 ad
382 2793 551 2829 exereitus,
572 2793 665 2830 longe
686 2792 790 2821 minor
808 2791 847 2820 sit
868 2789 989 2819 tunica-

320 2846 389 2866 rum
404 2844 616 2871 11111ne1·0,nec
628 2833 786 2863 sufficiens
798 2832 939 2871 profecto
950 2831 989 2860 ad

1031 2369 1134 2395 totum
1152 2363 1328 2394 exercitum
1349 2361 1560 2397 vestiendum,
1580 2359 1701 2399 colligit

1032 2409 1133 2438 Aldus
1155 2407 1245 2437 Man.
1267 2405 1307 2434 de
1329 2403 1493 2439 Quaesitis
1511 2402 1554 2432 iii.
1582 2402 1645 2441 Ep.
1674 2411 1700 2432 Ι.

1031 2454 1119 2489 togas
1148 2447 1382 2478 honestioribus
1416 2449 1543 2475 tantum
1573 2444 1605 2474 in
1641 2454 1700 2474 usu

1031 2493 1137 2526 fuisse,
1159 2494 1237 2530 puta
1257 2489 1429 2528 equitibus,
1451 2486 1701 2522 centurionibus,

1032 2538 1092 2565 etc.
1109 2535 1215 2565 CREv.
1594 2546 1600 2551 «

1075 2586 1092 2615 3
1116 2578 1192 2606 Non
1207 2576 1326 2605 vulnus
1346 2583 1444 2612 super
1459 2571 1595 2608 vulnus]
1623 2570 1700 2600 Non

1032 2619 1136 2649 simile
1156 2618 1253 2647 modo
1276 2616 1403 2651 vulnus,
1422 2613 1469 2644 illi
1491 2613 1577 2652 quod
1597 2611 1701 2651 priore

1032 2672 1116 2691 anno
1131 2662 1301 2698 acceptum
1323 2660 1401 2694 erat,
1417 2657 1472 2686 sed
1492 2654 1599 2694 potius
1618 2654 1701 2683 mul-

1034 2704 1137 2742 tiplex
1167 2702 1275 2731 clades
1304 2699 1520 2729 nuntiabatur.
1571 2695 1700 2725 Livium

1034 2745 1161 2784 saepius
1188 2752 1306 2782 ponere
1322 2752 1386 2771 non
1402 2763 1408 2771 .
1423 2763 1430 2770 .
1444 2763 1451 2770 .
1472 2739 1537 2774 sed,
1558 2747 1614 2776 pro
1635 2747 1701 2767 non

1034 2789 1132 2823 modo,
1146 2787 1201 2816 sed
1214 2786 1320 2819 etiam,
1337 2785 1429 2822 putat
1445 2790 1530 2819 supr.
1541 2789 1571 2810 Χ.
1583 2777 1611 2810 6.
1628 2778 1699 2809 infr.

1035 2828 1144 2859 xxviii.
1165 2837 1210 2857 11.
1228 2825 1346 2856 Stroth.
