1877 3178
616 520 1013 573 EPITOME
1074 521 1325 574 LIBRI
1384 521 1574 573 XXX.

970 703 1227 725 —0—

408 835 487 875 IN
499 835 646 887 Africa
672 835 805 888 Scipio
834 835 1179 888 Cartliayinienses
1206 842 1240 874 et
1265 836 1426 874 eundem
1452 835 1677 889 Syphacem
1695 835 1787 874 Nu-

408 893 605 930 midarum
637 906 762 944 ressem
785 892 1156 945 Hasdrubalemque
1179 892 1368 946 pluribus
1393 892 1554 944 proeliis
1584 894 1686 939 vicit,
1713 893 1787 931 ad-

408 950 566 986 iuvante
580 948 815 994 fllasinissa,
833 949 1000 1000 binaque
1015 949 1182 986 bostium
1204 954 1337 986 castra
1353 951 1615 1008 eapuynacit:
1643 950 1683 988 in
1700 951 1787 1002 qui—

408 1005 478 1042 bus
498 1005 767 1057 quaclrayinta
786 1005 911 1042 millia
928 1006 1126 1043 hominum
1130 1005 1250 1056 ferro
1266 1007 1421 1058 iynique
1437 1012 1666 1058 consumpta
1681 1012 1783 1045 sunt.

412 1060 634 1114 Syphacem
643 1075 723 1114 per
744 1061 786 1101 C.
798 1061 982 1100 Laelium
1000 1067 1037 1099 et
1048 1062 1311 1100 blasinissam
1328 1063 1437 1114 cepit.
1473 1062 1695 1101 Masinissa
1713 1062 1788 1102 So-

400 1118 652 1172 phonisbam,
671 1132 827 1157 uxorem
849 1118 1058 1171 Syphacis,
1067 1118 1207 1169 filiam
1224 1118 1508 1166 Hasdrubalis,
1526 1124 1684 1171 captam
1705 1124 1788 1158 sta-

407 1176 477 1213 tim
498 1175 714 1222 adamavit,
737 1182 784 1223 et,
807 1176 1107 1228 nuptiisfactis,
1132 1189 1288 1213 umorem
1309 1175 1456 1214 babuit.
1512 1175 1740 1229 Castiqatus
1760 1191 1786 1215 a

412 1231 594 1284 Scipione
628 1246 814 1271 venenum
850 1234 886 1271 ei
919 1234 1048 1272 misit.-
1090 1246 1165 1286 quo
1198 1232 1338 1270 hausto
1370 1232 1440 1271 illa
1473 1233 1641 1272 decessit.
1703 1233 1784 1285 Ef-

395 1289 627 1342 ⁵tectumque
656 1295 712 1328 est
740 1289 873 1328 multis
907 1289 1102 1342 Scipionis
1132 1290 1316 1336 victoriis,
1349 1295 1393 1327 ut
1429 1288 1784 1343 Cartlzayinienses,

407 1346 448 1384 in
469 1346 774 1399 desperationem
802 1348 894 1394 acti,
916 1348 957 1385 in
978 1346 1171 1385 aumilium
1194 1346 1380 1399 publicae
1409 1346 1550 1385 salutis
1570 1347 1787 1386 Hanniba-

408 1402 480 1440 lem
515 1418 560 1441 ea:
592 1403 719 1442 Italia
752 1409 987 1442 revocarent.
1050 1403 1178 1456 Isque,
1208 1417 1312 1441 anno
1344 1409 1447 1442 sexto
1482 1403 1627 1442 decimo
1660 1403 1786 1442 Italia

407 1459 601 1507 decedens,
624 1461 664 1498 in
686 1459 873 1513 Afiicam
899 1461 1064 1508 traiecit,
1087 1461 1322 1513 tentavitque
1346 1474 1420 1512 per
1451 1460 1682 1514 colloquium
1705 1475 1786 1513 pa-

409 1530 487 1554 cem
510 1531 597 1555 cum
619 1516 800 1570 Scipione
820 1532 1068 1570 componere:
1102 1523 1149 1564 et,
1167 1531 1287 1570 quum
1308 1517 1355 1555 de
1375 1517 1655 1556 conditionibus
1668 1518 1786 1570 pacis

409 1587 485 1611 non
512 1575 756 1622 convenisset,
779 1575 862 1613 acie
882 1576 1006 1613 victus
1027 1580 1093 1613 est.
1156 1574 1250 1613 Pax
1278 1573 1669 1627 Cartliaqiniensibus
1688 1574 1786 1613 data

408 1635 465 1667 est
495 1631 725 1681 petentibus.
799 1631 1013 1670 Hannibal
1044 1630 1267 1683 Gz‘syonenz‚
1302 1645 1444 1683 pacem
1483 1631 1784 1679 dissuadentem,

408 1699 529 1724 manu
550 1700 623 1724 sua
645 1687 839 1726 detraoeit:
872 1693 1056 1725 excusata
1077 1688 1213 1726 deinde
1234 1689 1446 1726 temeritate
1457 1688 1582 1740 facti,
1604 1689 1689 1742 ipse
1704 1702 1785 1740 pa-

408 1756 487 1780 cem
517 1744 653 1781 suasit.
715 1743 855 1796 IUayo,
884 1745 953 1796 qui
972 1744 1066 1782 bello
1087 1745 1127 1782 in
1155 1758 1252 1796 (ιφό
1274 1743 1504 1783 Insubrium
1526 1759 1613 1783 cum
1634 1745 1786 1783 Roma-

408 1800 469 1837 nis
490 1799 732 1852 conflixerat,
754 1800 995 1846 vulneratus,
1018 1800 1111 1838 dum
1133 1801 1173 1838 in
1193 1800 1381 1852 Africam
1404 1815 1480 1853 per
1508 1801 1652 1854 leyatos
1676 1815 1784 1839 revo-

408 1861 520 1894 catus
547 1858 767 1903 revertitur,
789 1871 834 1894 ea*
853 1857 1010 1895 vulnere
1031 1862 1206 1895 mortuus
1227 1863 1291 1896 est.
1354 1857 1598 1896 Masinissae
1621 1872 1783 1911 reynum

407 1913 627 1951 restitutum
656 1919 720 1952 est.
782 1913 978 1951 Reversus
999 1914 1039 1952 in
1061 1913 1191 1951 urbem
1218 1912 1351 1966 Scipio
1371 1914 1655 1966 amplissimum
1677 1915 1784 1953 nobi-

409 1969 673 2022 lissimumque
692 1971 770 2022 eqit
789 1970 1045 2022 triumphum,
1068 1984 1179 2022 quem
1209 1969 1257 2018 Q.
1287 1970 1493 2009 Terentius
1516 1970 1650 2010 Culleo
1670 1985 1784 2010 sena-

408 2031 469 2064 tor
491 2026 665 2078 pileatus
689 2032 842 2065 secutus
862 2032 927 2065 est.
994 2026 1128 2078 Scipio
1147 2026 1371 2078 Africanus
1387 2024 1598 2080 (incertum
1619 2028 1787 2067 militari

401 2084 520 2134 prius
527 2083 687 2135 favore,
705 2098 757 2122 an
772 2083 966 2136 populari
984 2097 1088 2122 aura
1110 2084 1166 2121 ita
1184 2082 1497 2137 coqnominatus)
1512 2086 1669 2137 primus
1685 2091 1784 2124 certe

407 2139 470 2178 liic
490 2141 704 2193 imperator
723 2142 848 2179 victae
868 2155 893 2179 a
914 2155 952 2179 se
973 2141 1124 2180 nomine
1138 2142 1267 2194 yentis
1287 2141 1512 2181 nobilitatus
1532 2147 1597 2181 est.
