1877 3178
371 90 452 128 532
879 88 1027 129 TITI
1070 87 1248 129 LIVII

166 179 210 208 U.
228 178 266 208 C.
288 186 360 217 550·
374 179 387 199 ⁶
403 175 634 218 calamitate
651 184 809 217 vestrae
827 177 975 217 domus
991 178 1118 218 decus
1139 178 1301 233 insigne
1323 177 1486 218 virtutis
1506 178 1754 233 pietatisque

164 222 204 252 A.
229 221 268 252 C·
290 230 581 274 ²⁰²'‘eximiae
613 234 781 288 cepisti:
817 234 983 274 amissas
1015 234 1239 289 Hispanias
1269 234 1532 290 recuperasti,
1562 243 1757 289 quattuor

377 295 389 314 ⁶
405 290 502 330 inde
525 290 696 331 Punicis
718 290 969 331 exercitibus
989 290 1140 346 pulsis:
1177 291 1321 331 consul
1342 299 1516 339 creatus,
1539 305 1670 345 quum
1690 305 1757 331 ce-

377 347 503 387 ‘teris
524 346 576 387 ad
598 347 813 387 tutandam
834 347 995 387 Italiam
1022 361 1168 402 parum
1191 347 1317 387 animi
1340 355 1458 395 esset,
1483 356 1758 401 transgressus

378 403 450 442 ‘in
484 403 682 452 Africam,
716 404 878 443 duobus
911 403 978 443 hic
1012 404 1264 444 exercitibus
1297 404 1437 452 caesis,
1471 403 1579 444 binis
1611 403 1758 443 eadem

379 459 508 500 ‘hora
537 460 668 515 captis
698 460 821 500 simul
851 459 1114 514 incensisque
1146 461 1300 508 castris,
1336 459 1526 516 Syphace
1557 459 1759 515 potentis-

379 521 391 539 ‘
407 516 511 556 simo
532 531 627 571 rege
650 526 783 571 capto,
807 524 868 557 tot
889 517 1058 556 urbibus
1079 517 1197 571 regni
1219 517 1319 565 cius,
1344 526 1405 557 tot
1435 516 1564 557 nostri
1595 515 1760 571 imperii

380 573 572 627 ‘ereptis,
600 588 665 613 me
699 581 862 613 sextum
894 573 1103 613 decimum
1137 573 1218 613 iam
1251 588 1407 613 annum
1440 573 1683 613 haerentem
1715 572 1759 611 in

380 630 661 684 ‘possessione
692 629 835 670 Italiae
863 630 1090 670 detraxisti.
1152 629 1298 670 Potest
1318 630 1544 677 victoriam,
1573 629 1757 684 inquam,
1773 646 1790 678 5

381 690 393 708 ⁶
410 685 543 735 malle,
559 701 685 741 quam
706 701 865 742 pacem,
881 687 1053 726 animus,
1103 685 1215 726 Novi
1237 686 1404 741 spiritus
1424 686 1554 740 magis
1575 700 1759 740 magnOS‚

381 747 394 765 ⁶
409 757 534 797 quam
552 743 690 783 utiles:
720 752 761 783 et
778 743 880 782 mihi
896 743 987 783 talis
1003 743 1228 797 aliquando
1241 743 1407 783 fortuna
1423 742 1585 783 affulsit.
1632 741 1761 789 Quod

381 799 442 838 ‘si
473 799 517 838 in
547 799 740 839 secundis
770 801 892 840 rebus
922 800 1074 840 bonam
1097 815 1264 854 quoque
1295 808 1479 840 mentem
1508 799 1656 839 darent
1676 798 1758 846 dii3

381 860 393 879 ⁶
409 870 494 895 non
516 870 564 895 ea
585 855 731 903 solum,
755 871 860 909 quae
883 857 1129 904 evenissent,
1152 856 1225 895 sed
1247 857 1371 896 ctiam
1391 871 1451 904 ea,
1467 871 1573 910 quae
1595 855 1761 895 evenire

381 916 590 965 ‘possent,
620 920 916 966 reputaremus.
983 912 1043 952 Ut
1074 912 1261 951 omnium
1292 913 1541 953 obliviscaris
1572 911 1760 960 aliorum,

382 971 394 990 ⁶
410 967 505 1007 satis
526 982 603 1022 ego
625 968 868 1008 documenti
899 968 942 1007 in
967 983 1112 1008 omnes
1140 983 1256 1008 casus
1285 984 1388 1009 sum.
1454 969 1594 1016 Quem
1622 968 1793 1016 modo,6

382 1028 395 1047 ⁶
411 1024 551 1063 castris
572 1024 682 1064 inter
704 1025 915 1064 Anienem
946 1033 1071 1079 atque
1094 1025 1239 1065 urbem
1259 1034 1436 1065 vestram
1467 1025 1623 1080 positis,
1644 1024 1763 1080 signa

382 1085 395 1103 ⁶
411 1080 655 1120 inferentem
689 1080 742 1120 ad
773 1081 937 1121 moenia
969 1081 1183 1129 Romana3
1218 1081 1287 1121 hic
1317 1081 1464 1129 cernis,
1491 1081 1653 1122 duobus
1679 1082 1793 1126 for-7

382 1141 395 1159 ⁶
412 1137 576 1176 tissimis
597 1137 706 1186 viris,
728 1138 922 1177 fratribus
943 1137 1175 1177 clarissimis
1205 1137 1533 1193 imperatoribus,
1557 1138 1759 1186 orbatum,

381 1198 394 1217 ⁶
409 1202 505 1233 ante
527 1194 693 1234 moenia
712 1209 841 1249 prope
863 1195 1049 1234 obsessae
1071 1194 1240 1249 patriae,
1263 1195 1414 1249 quibus
1436 1195 1564 1235 terrui
1584 1202 1761 1234 vestram

382 1255 394 1273 ⁶
412 1250 569 1299 urbem,
596 1265 645 1291 ca
674 1265 749 1305 pro
780 1266 872 1291 mea
899 1251 1204 1306 deprecantem.
1270 1251 1481 1292 Maximae
1503 1251 1655 1306 cuique
1680 1250 1762 1291 for-

382 1311 535 1347 ‘tunae
562 1307 733 1347 minime
755 1307 1012 1348 eredendum
1034 1316 1106 1348 est.
1169 1308 1220 1348 In
1250 1308 1370 1348 bonis
1399 1308 1480 1349 tuis
1509 1308 1644 1356 rebus,
1666 1322 1762 1348 nos-

382 1363 482 1403 ‘tris
513 1363 662 1412 dubiis,
696 1364 770 1404 tibi
802 1364 940 1419 ampla
971 1379 1017 1405 ac
1050 1365 1233 1420 speciosa
1263 1364 1379 1405 danti
1410 1373 1471 1405 est
1501 1380 1606 1419 pax:
1641 1364 1761 1404 nobis

382 1425 395 1443 ⁶
411 1420 648 1474 petentibus
673 1421 803 1476 magis
828 1421 1070 1470 neccssaria,
1093 1436 1218 1476 quam
1240 1421 1424 1462 honesta.
1488 1421 1642 1461 Melior
1663 1420 1762 1461 tuti*-

382 1482 394 1499 ⁶
410 1491 539 1531 orque
562 1486 623 1517 est
644 1486 757 1518 certa
780 1493 875 1532 pax,
899 1493 1023 1533 quam
1046 1487 1206 1533 sperata
1226 1478 1407 1519 victoria.
1471 1477 1589 1518 Haec
1610 1477 1654 1516 in
1676 1486 1759 1526 tua,
1773 1487 1792 1518 8

381 1539 393 1557 ⁶
410 1532 479 1573 illa
499 1533 542 1573 in
564 1533 737 1574 deorum
766 1549 892 1574 manu
914 1543 985 1575 est.
1049 1535 1117 1575 Ne
1140 1543 1202 1575 tot
1223 1550 1426 1575 annorum
1446 1534 1685 1575 felicitatem
1717 1533 1762 1573 in

381 1589 532 1628 ‘unius
565 1590 689 1630 horae
724 1590 888 1631 dederis
920 1591 1154 1632 discrimen.
1220 1592 1365 1639 Quum
1399 1600 1489 1631 tuas
1519 1591 1637 1638 vires,
1672 1598 1761 1630 tum

381 1651 394 1669 ⁶
410 1645 492 1684 vim
514 1645 703 1686 fortunae
726 1646 993 1702 BIartemque
1022 1648 1120 1688 belli
1151 1663 1430 1697 communem,
1462 1662 1646 1703 propone
1672 1646 1792 1695 ani—9

381 1707 393 1725 ⁶
409 1715 488 1741 mo.
546 1701 769 1756 Utrimque
792 1703 959 1752 ferrum,
982 1719 1153 1758 corpora
1174 1705 1357 1744 humana
1377 1712 1522 1745 erunt:
1556 1718 1760 1758 nusquam

381 1764 393 1782 ⁶
410 1758 559 1807 minus,
583 1773 707 1813 quam
731 1759 774 1798 in
796 1759 917 1807 bello,
941 1769 1113 1800 eventus
1134 1761 1400 1815 respondent.
1466 1760 1567 1800 Non
1598 1768 1761 1800 tantum

380 1820 392 1839 ⁶
408 1814 461 1854 ad
484 1815 538 1863 id,
563 1815 677 1869 quod
698 1815 796 1855 data
822 1831 922 1870 pace
944 1816 1025 1856 iam
1047 1816 1198 1857 habere
1220 1825 1350 1872 potes,
1374 1817 1406 1856 si
1428 1816 1587 1871 proelio
1607 1816 1759 1865 vineas,

380 1877 391 1895 ⁶
406 1871 560 1925 gloriae
587 1871 808 1920 adieceris3
842 1882 1046 1926 quantum
1067 1873 1282 1922 ademeris,
1305 1873 1338 1913 si
1360 1873 1463 1928 quid
1484 1872 1643 1913 adversi
1665 1887 1761 1913 eve—-

380 1934 392 1951 ⁶
408 1927 505 1967 niat.
572 1927 703 1967 Simul
732 1936 850 1982 parta
877 1943 924 1968 ac
954 1937 1115 1983 sperata
1136 1929 1286 1970 decora
1310 1930 1429 1969 unius
1450 1929 1574 1969 horae
1595 1929 1761 1970 fortuna

380 1990 392 2007 ⁶
408 1992 593 2024 evertere
621 1992 768 2038 potest.
834 1984 989 2025 Omnia
1011 1985 1053 2024 in
1076 2001 1175 2040 pace
1198 1985 1411 2040 iungenda
1432 1994 1525 2026 tuae
1547 1985 1760 2041 potestatis

380 2047 391 2064 ⁶
408 2048 515 2089 sunt,
539 2040 585 2080 P.
609 2040 803 2081 Corneli:
840 2050 939 2081 tunc
967 2057 1016 2082 ea
1042 2042 1235 2082 habenda
1254 2042 1421 2082 fortuna
1442 2042 1531 2091 erit,
1555 2057 1680 2097 quam
1701 2041 1760 2082 dii

380 2103 391 2121 ⁶
407 2096 612 2137 dederint.
676 2096 792 2137 Inter
818 2113 949 2152 pauca
978 2098 1184 2139 felicitatis
1205 2099 1452 2154 virtutisque
1478 2098 1671 2153 exempla
1695 2097 1757 2139 M.

379 2160 391 2177 ⁶
409 2153 564 2193 Atilius
586 2153 797 2210 quondam
828 2154 871 2195 in
896 2154 973 2195 hae
1004 2154 1150 2196 eadem
1176 2163 1285 2196 terra
1304 2155 1460 2204 fuisset,
1483 2155 1516 2195 si
1537 2155 1668 2195 victor
1687 2169 1759 2210 pa·-

421 2306 437 2335 5
469 2297 649 2333 Victoriam,
665 2297 813 2336 inquam]
841 2297 881 2327 In
894 2296 954 2327 hac
968 2307 1045 2327 voce

376 2339 508 2378 ‘inquam
535 2343 581 2368 est
607 2340 764 2377 quaedam
795 2339 839 2369 vis
865 2339 1044 2369 affirmandi

1089 2307 1185 2335 rasse,
1206 2298 1292 2337 quod
1317 2298 1493 2329 exercitum
1518 2309 1583 2329 non
1607 2298 1759 2336 duxisset,

1090 2341 1143 2369 sed
1175 2341 1356 2379 praefectus
1382 2344 1508 2371 tantum
1539 2341 1685 2380 equitum
1711 2342 1757 2370 fu-

376 2380 420 2414 id,
437 2381 522 2418 quod
543 2381 605 2410 iam
623 2380 746 2410 dictum
768 2385 826 2415 est,
842 2391 884 2410 sc.
902 2381 1045 2419 Scipioni

378 2432 439 2451 non
463 2422 557 2453 facile
578 2424 721 2452 futurum
746 2432 814 2452 esse
836 2422 979 2452 animum
1005 2424 1045 2452 ad

377 2464 485 2502 quieta
498 2464 631 2493 consilia
647 2464 833 2502 proclivem.

418 2505 437 2536 6
469 2507 566 2542 Quem
604 2507 707 2543 modo]
758 2506 881 2536 Vocem
919 2507 1045 2537 videras

376 2548 461 2585 quod
482 2547 629 2577 nonnulli
650 2547 720 2577 libri
743 2552 814 2586 post
830 2549 975 2578 Romana
991 2549 1044 2578 ad-

376 2590 468 2625 dunt,
484 2600 501 2619 e
523 2590 625 2619 verbis
646 2590 852 2628 sequentibus
871 2591 922 2620 lzic
943 2592 1047 2620 cernis

375 2631 450 2660 satis
466 2631 602 2670 intelligi
619 2635 729 2661 monet
747 2632 939 2661 Gronovius.

420 2680 435 2710 7
460 2674 791 2710 Duobus-finffissimis
809 2675 902 2710 viris]
931 2673 1044 2708 Quum

375 2716 438 2742 tres
464 2715 576 2743 fratres
605 2714 760 2744 amisisset
793 2715 971 2751 Hannibal,
1002 2726 1044 2746 sc.

377 2754 628 2792 Hasdrubalem,
639 2757 824 2795 Magonem,
837 2757 1045 2792 Hannonem,

376 2805 447 2825 eum
471 2801 524 2825 aut
545 2797 742 2828 Hannonem
765 2809 829 2828 non
850 2808 1043 2828 commemo-

1090 2381 1176 2419 isset,
1192 2386 1249 2411 aut
1265 2383 1438 2421 Magonem
1453 2383 1661 2421 praeteriisse,
1673 2383 1759 2421 quod

1091 2423 1158 2453 eius
1188 2424 1299 2454 mortis
1328 2425 1533 2454 nullamdum
1560 2426 1681 2454 famam
1707 2435 1758 2455 ac-

1090 2465 1236 2504 cepisset,
1253 2470 1360 2496 censet
1377 2466 1670 2496 Drakenborehins.

1133 2508 1151 2537 8
1179 2509 1320 2538 Haecin
1339 2509 1412 2545 tua]
1440 2508 1621 2538 Pronomen
1642 2509 1694 2538 hic
1714 2508 1758 2545 id,

1090 2549 1130 2578 (le
1155 2559 1217 2587 quo
1245 2549 1446 2588 potissimum
1470 2551 1603 2589 agimus,
1619 2550 1758 2589 respicit,

1090 2591 1176 2620 unde
1208 2591 1254 2627 fit,
1284 2596 1330 2628 ut,
1361 2591 1385 2621 si
1416 2593 1582 2622 verborum
1614 2592 1758 2622 ordinem

1090 2636 1226 2671 spectas,
1238 2634 1289 2663 hic
1301 2634 1427 2672 saepius
1441 2635 1481 2664 ad
1498 2634 1667 2664 remotiora
1679 2634 1757 2664 refe-

1089 2678 1188 2711 ratur,
1203 2676 1257 2705 ille
1272 2676 1312 2704 ad
1332 2675 1489 2714 propiora.
1515 2676 1553 2706 cf.
1570 2686 1654 2715 supr.
1671 2675 1757 2707 xxiv.
1791 2676 1799 2680 ”

1091 2725 1106 2737 6

1131 2768 1150 2797 9
1173 2759 1378 2798 Ascla-temque
1394 2760 1465 2790 belli
1481 2760 1690 2797 communem]
1717 2759 1757 2790 cf.

1089 2800 1182 2838 Supr.
1200 2800 1308 2831 xxviii.
1326 2810 1375 2838 40.
