<?xml version="1.0" encoding="UTF-8"?>
<!DOCTYPE html PUBLIC "-//W3C//DTD XHTML 1.0 Transitional//EN"
    "http://www.w3.org/TR/xhtml1/DTD/xhtml1-transitional.dtd">
<html xmlns="http://www.w3.org/1999/xhtml" xml:lang="en" lang="en">
 <head>
  <title>
</title>
<meta http-equiv="Content-Type" content="text/html;charset=utf-8" />
  <meta name='ocr-system' content='tesseract 3.04.00' />
  <meta name='ocr-capabilities' content='ocr_page ocr_carea ocr_par ocr_line ocrx_word'/>
</head>
<body>
  <div class='ocr_page' id='page_1' title='image "./historiarumaburb02livyuoft_0547.png"; bbox 0 0 1871 3178; ppageno 0'>
   <div class='ocr_carea' id='block_1_1' title="bbox 508 93 1510 138">
    <p class='ocr_par' dir='ltr' id='par_1_1' title="bbox 508 93 1510 138">
     <span class='ocr_line' id='line_1_1' title="bbox 508 93 1510 138; baseline 0.004 -4"><span class='ocrx_word' id='word_1_1' title='bbox 508 94 632 135; x_wconf 76' lang='lat' dir='ltr'>Llss.</span> <span class='ocrx_word' id='word_1_2' title='bbox 668 93 814 135; x_wconf 68' lang='lat' dir='ltr'><strong>XXX.</strong></span> <span class='ocrx_word' id='word_1_3' title='bbox 862 95 1007 135; x_wconf 68' lang='lat' dir='ltr'>CAV.</span> <span class='ocrx_word' id='word_1_4' title='bbox 1042 99 1107 135; x_wconf 72' lang='lat'>34.</span> <span class='ocrx_word' id='word_1_5' title='bbox 1430 99 1510 138; x_wconf 77' lang='lat'>5:37</span> 
     </span>
    </p>
   </div>
   <div class='ocr_carea' id='block_1_2' title="bbox 96 183 1722 2384">
    <p class='ocr_par' dir='ltr' id='par_1_2' title="bbox 96 183 1722 2384">
     <span class='ocr_line' id='line_1_2' title="bbox 127 183 1721 239; baseline -0.001 -16"><span class='ocrx_word' id='word_1_6' title='bbox 127 183 348 232; x_wconf 80' lang='lat' dir='ltr'>concurrit,</span> <span class='ocrx_word' id='word_1_7' title='bbox 380 198 459 224; x_wconf 87' lang='lat' dir='ltr'>nec</span> <span class='ocrx_word' id='word_1_8' title='bbox 494 199 580 239; x_wconf 86' lang='lat' dir='ltr'>spe,</span> <span class='ocrx_word' id='word_1_9' title='bbox 614 199 690 224; x_wconf 86' lang='lat' dir='ltr'>nec</span> <span class='ocrx_word' id='word_1_10' title='bbox 723 184 878 224; x_wconf 77' lang='lat' dir='ltr'>viribus</span> <span class='ocrx_word' id='word_1_11' title='bbox 911 184 990 224; x_wconf 88' lang='lat' dir='ltr'>iam</span> <span class='ocrx_word' id='word_1_12' title='bbox 1026 199 1109 239; x_wconf 82' lang='lat' dir='ltr'>par.</span> <span class='ocrx_word' id='word_1_13' title='bbox 1175 183 1244 223; x_wconf 78' lang='lat' dir='ltr'>Ad</span> <span class='ocrx_word' id='word_1_14' title='bbox 1278 183 1370 231; x_wconf 88' lang='lat' dir='ltr'>hoc,</span> <span class='ocrx_word' id='word_1_15' title='bbox 1396 184 1512 225; x_wconf 87' lang='lat' dir='ltr'>dictu</span> <span class='ocrx_word' id='word_1_16' title='bbox 1530 190 1571 221; x_wconf 77' lang='grc' dir='ltr'>Π.</span> <span class='ocrx_word' id='word_1_17' title='bbox 1589 190 1626 221; x_wconf 66' lang='lat'>(⁷.</span> <span class='ocrx_word' id='word_1_18' title='bbox 1650 199 1721 228; x_wconf 70' lang='lat'>550-</span> 
     </span>
     <span class='ocr_line' id='line_1_3' title="bbox 96 234 1722 295; baseline -0.001 -12"><span class='ocrx_word' id='word_1_19' title='bbox 96 253 264 295; x_wconf 86' lang='lat' dir='ltr'>8parva,</span> <span class='ocrx_word' id='word_1_20' title='bbox 287 240 359 281; x_wconf 82' lang='lat' dir='ltr'>scd</span> <span class='ocrx_word' id='word_1_21' title='bbox 389 241 527 295; x_wconf 79' lang='lat' dir='ltr'>magni</span> <span class='ocrx_word' id='word_1_22' title='bbox 556 241 701 280; x_wconf 89' lang='lat' dir='ltr'>eadem</span> <span class='ocrx_word' id='word_1_23' title='bbox 732 241 771 280; x_wconf 92' lang='lat' dir='ltr'>in</span> <span class='ocrx_word' id='word_1_24' title='bbox 803 255 844 281; x_wconf 85' lang='lat' dir='ltr'>re</span> <span class='ocrx_word' id='word_1_25' title='bbox 873 240 1056 295; x_wconf 77' lang='lat' dir='ltr'>gerenda</span> <span class='ocrx_word' id='word_1_26' title='bbox 1085 241 1285 280; x_wconf 79' lang='lat' dir='ltr'>momenti</span> <span class='ocrx_word' id='word_1_27' title='bbox 1314 255 1390 288; x_wconf 86' lang='lat' dir='ltr'>reS‚</span> <span class='ocrx_word' id='word_1_28' title='bbox 1413 234 1566 281; x_wconf 60' lang='lat' dir='ltr'>eon-¹¹⁴·</span> <span class='ocrx_word' id='word_1_29' title='bbox 1590 234 1627 264; x_wconf 68' lang='lat' dir='ltr'>C·</span> <span class='ocrx_word' id='word_1_30' title='bbox 1652 241 1722 262; x_wconf 74' lang='lat'><strong>²0²·</strong></span> 
     </span>
     <span class='ocr_line' id='line_1_4' title="bbox 126 296 1513 351; baseline 0.001 -15"><span class='ocrx_word' id='word_1_31' title='bbox 126 312 280 351; x_wconf 82' lang='lat' dir='ltr'>gruens</span> <span class='ocrx_word' id='word_1_32' title='bbox 300 296 455 336; x_wconf 84' lang='lat' dir='ltr'>elamor</span> <span class='ocrx_word' id='word_1_33' title='bbox 475 312 499 336; x_wconf 88' lang='lat' dir='ltr'>a</span> <span class='ocrx_word' id='word_1_34' title='bbox 522 297 734 345; x_wconf 84' lang='lat' dir='ltr'>Romanis,</span> <span class='ocrx_word' id='word_1_35' title='bbox 758 312 892 351; x_wconf 87' lang='lat' dir='ltr'>eoque</span> <span class='ocrx_word' id='word_1_36' title='bbox 923 297 1052 337; x_wconf 88' lang='lat' dir='ltr'>maior</span> <span class='ocrx_word' id='word_1_37' title='bbox 1077 305 1119 336; x_wconf 93' lang='lat' dir='ltr'>et</span> <span class='ocrx_word' id='word_1_38' title='bbox 1149 296 1396 344; x_wconf 84' lang='lat' dir='ltr'>tcrribilior3</span> <span class='ocrx_word' id='word_1_39' title='bbox 1430 298 1513 337; x_wconf 89' lang='lat' dir='ltr'>dis-</span> 
     </span>
     <span class='ocr_line' id='line_1_5' title="bbox 127 353 1511 407; baseline 0.001 -14"><span class='ocrx_word' id='word_1_40' title='bbox 127 368 252 393; x_wconf 86' lang='lat' dir='ltr'>sonac</span> <span class='ocrx_word' id='word_1_41' title='bbox 285 353 377 399; x_wconf 79' lang='lat' dir='ltr'>illis,</span> <span class='ocrx_word' id='word_1_42' title='bbox 417 362 461 393; x_wconf 86' lang='lat' dir='ltr'>nt</span> <span class='ocrx_word' id='word_1_43' title='bbox 495 354 684 405; x_wconf 66' lang='lat' dir='ltr'>gentium</span> <span class='ocrx_word' id='word_1_44' title='bbox 722 353 944 393; x_wconf 86' lang='lat' dir='ltr'>multarum</span> <span class='ocrx_word' id='word_1_45' title='bbox 981 353 1312 407; x_wconf 82' lang='lat' dir='ltr'>discrepantibus</span> <span class='ocrx_word' id='word_1_46' title='bbox 1346 353 1511 405; x_wconf 74' lang='lat' dir='ltr'>linguis,</span> 
     </span>
     <span class='ocr_line' id='line_1_6' title="bbox 127 409 1512 464; baseline 0.001 -15"><span class='ocrx_word' id='word_1_47' title='bbox 127 424 260 449; x_wconf 90' lang='lat' dir='ltr'>voces.</span> <span class='ocrx_word' id='word_1_48' title='bbox 310 409 457 463; x_wconf 65' lang='lat' dir='ltr'>Pugna</span> <span class='ocrx_word' id='word_1_49' title='bbox 477 410 668 450; x_wconf 84' lang='lat' dir='ltr'>Romana</span> <span class='ocrx_word' id='word_1_50' title='bbox 688 410 856 458; x_wconf 81' lang='lat' dir='ltr'>stabilis,</span> <span class='ocrx_word' id='word_1_51' title='bbox 875 419 916 450; x_wconf 86' lang='lat' dir='ltr'>et</span> <span class='ocrx_word' id='word_1_52' title='bbox 937 425 1011 450; x_wconf 88' lang='lat' dir='ltr'>suo</span> <span class='ocrx_word' id='word_1_53' title='bbox 1033 418 1075 450; x_wconf 94' lang='lat' dir='ltr'>et</span> <span class='ocrx_word' id='word_1_54' title='bbox 1097 424 1304 449; x_wconf 86' lang='lat' dir='ltr'>armorum</span> <span class='ocrx_word' id='word_1_55' title='bbox 1327 410 1512 464; x_wconf 87' lang='lat' dir='ltr'>pondere</span> 
     </span>
     <span class='ocr_line' id='line_1_7' title="bbox 127 465 1513 507; baseline 0.001 -2"><span class='ocrx_word' id='word_1_56' title='bbox 127 465 462 506; x_wconf 84' lang='lat' dir='ltr'>incumbentium</span> <span class='ocrx_word' id='word_1_57' title='bbox 496 467 539 506; x_wconf 90' lang='lat' dir='ltr'>in</span> <span class='ocrx_word' id='word_1_58' title='bbox 572 467 759 507; x_wconf 81' lang='lat' dir='ltr'>hostem:</span> <span class='ocrx_word' id='word_1_59' title='bbox 803 467 1062 507; x_wconf 81' lang='lat' dir='ltr'>concursatio</span> <span class='ocrx_word' id='word_1_60' title='bbox 1095 474 1137 506; x_wconf 87' lang='lat' dir='ltr'>et</span> <span class='ocrx_word' id='word_1_61' title='bbox 1170 465 1367 506; x_wconf 88' lang='lat' dir='ltr'>velocitas</span> <span class='ocrx_word' id='word_1_62' title='bbox 1400 466 1513 506; x_wconf 89' lang='lat' dir='ltr'>illinc</span> 
     </span>
     <span class='ocr_line' id='line_1_8' title="bbox 127 522 1513 578; baseline 0.001 -17"><span class='ocrx_word' id='word_1_63' title='bbox 127 522 272 570; x_wconf 86' lang='lat' dir='ltr'>maior,</span> <span class='ocrx_word' id='word_1_64' title='bbox 295 538 420 577; x_wconf 77' lang='lat' dir='ltr'>quain</span> <span class='ocrx_word' id='word_1_65' title='bbox 449 523 520 563; x_wconf 82' lang='lat' dir='ltr'>vis.</span> <span class='ocrx_word' id='word_1_66' title='bbox 584 522 717 577; x_wconf 67' lang='lat' dir='ltr'>Iwitui</span> <span class='ocrx_word' id='word_1_67' title='bbox 748 524 882 578; x_wconf 70' lang='lat' dir='ltr'>plinio</span> <span class='ocrx_word' id='word_1_68' title='bbox 913 523 1073 578; x_wconf 85' lang='lat' dir='ltr'>impetu</span> <span class='ocrx_word' id='word_1_69' title='bbox 1104 522 1316 577; x_wconf 86' lang='lat' dir='ltr'>extemplo</span> <span class='ocrx_word' id='word_1_70' title='bbox 1347 537 1513 563; x_wconf 87' lang='lat' dir='ltr'>movere</span> 
     </span>
     <span class='ocr_line' id='line_1_9' title="bbox 97 553 1514 625; baseline 0.001 -7"><span class='ocrx_word' id='word_1_71' title='bbox 97 577 220 625; x_wconf 92' lang='lat' dir='ltr'>9loco</span> <span class='ocrx_word' id='word_1_72' title='bbox 252 553 433 619; x_wconf 69' lang='lat' dir='ltr'>hostium</span> <span class='ocrx_word' id='word_1_73' title='bbox 466 580 598 620; x_wconf 71' lang='lat' dir='ltr'>rciem</span> <span class='ocrx_word' id='word_1_74' title='bbox 606 558 824 620; x_wconf 62' lang='grc' dir='ltr'>ζἿ11101111111.</span> <span class='ocrx_word' id='word_1_75' title='bbox 889 579 971 619; x_wconf 81' lang='lat' dir='ltr'>Ala</span> <span class='ocrx_word' id='word_1_76' title='bbox 1002 578 1155 619; x_wconf 89' lang='lat' dir='ltr'>deinde</span> <span class='ocrx_word' id='word_1_77' title='bbox 1188 587 1231 619; x_wconf 90' lang='lat' dir='ltr'>et</span> <span class='ocrx_word' id='word_1_78' title='bbox 1264 580 1514 619; x_wconf 79' lang='lat' dir='ltr'>umbonibus</span> 
     </span>
     <span class='ocr_line' id='line_1_10' title="bbox 128 634 1513 691; baseline 0.001 -17"><span class='ocrx_word' id='word_1_79' title='bbox 128 634 353 690; x_wconf 83' lang='lat' dir='ltr'>pulsantes,</span> <span class='ocrx_word' id='word_1_80' title='bbox 391 636 434 676; x_wconf 90' lang='lat' dir='ltr'>in</span> <span class='ocrx_word' id='word_1_81' title='bbox 470 645 697 676; x_wconf 85' lang='lat' dir='ltr'>summotos</span> <span class='ocrx_word' id='word_1_82' title='bbox 736 636 868 691; x_wconf 80' lang='lat' dir='ltr'>gradu</span> <span class='ocrx_word' id='word_1_83' title='bbox 909 636 1034 684; x_wconf 89' lang='lat' dir='ltr'>illato,</span> <span class='ocrx_word' id='word_1_84' title='bbox 1077 634 1336 689; x_wconf 88' lang='lat' dir='ltr'>aliquantum</span> <span class='ocrx_word' id='word_1_85' title='bbox 1377 637 1513 690; x_wconf 85' lang='lat' dir='ltr'>spatii,</span> 
     </span>
     <span class='ocr_line' id='line_1_11' title="bbox 129 691 1515 747; baseline -0.001 -15"><span class='ocrx_word' id='word_1_86' title='bbox 129 691 245 732; x_wconf 88' lang='lat' dir='ltr'>velut</span> <span class='ocrx_word' id='word_1_87' title='bbox 272 691 388 732; x_wconf 89' lang='lat' dir='ltr'>nullo</span> <span class='ocrx_word' id='word_1_88' title='bbox 417 693 646 742; x_wconf 89' lang='lat' dir='ltr'>resistente,</span> <span class='ocrx_word' id='word_1_89' title='bbox 674 693 902 733; x_wconf 89' lang='lat' dir='ltr'>incessere·</span> <span class='ocrx_word' id='word_1_90' title='bbox 894 724 903 741; x_wconf 93' lang='lat'>,</span> <span class='ocrx_word' id='word_1_91' title='bbox 936 692 1180 747; x_wconf 79' lang='lat' dir='ltr'>urgentibus</span> <span class='ocrx_word' id='word_1_92' title='bbox 1211 701 1253 732; x_wconf 89' lang='lat' dir='ltr'>et</span> <span class='ocrx_word' id='word_1_93' title='bbox 1282 692 1515 732; x_wconf 73' lang='lat' dir='ltr'>novissmiis</span> 
     </span>
     <span class='ocr_line' id='line_1_12' title="bbox 128 748 1515 803; baseline 0.001 -16"><span class='ocrx_word' id='word_1_94' title='bbox 128 748 296 803; x_wconf 73' lang='lat' dir='ltr'>prinmS,</span> <span class='ocrx_word' id='word_1_95' title='bbox 319 756 365 788; x_wconf 91' lang='lat' dir='ltr'>ut</span> <span class='ocrx_word' id='word_1_96' title='bbox 392 749 519 789; x_wconf 89' lang='lat' dir='ltr'>semel</span> <span class='ocrx_word' id='word_1_97' title='bbox 545 757 699 789; x_wconf 89' lang='lat' dir='ltr'>motam</span> <span class='ocrx_word' id='word_1_98' title='bbox 731 749 863 789; x_wconf 81' lang='lat' dir='ltr'>aciem</span> <span class='ocrx_word' id='word_1_99' title='bbox 894 763 1084 789; x_wconf 78' lang='lat' dir='ltr'>sensele·</span> <span class='ocrx_word' id='word_1_100' title='bbox 1076 780 1085 797; x_wconf 92' lang='lat'>,</span> <span class='ocrx_word' id='word_1_101' title='bbox 1118 748 1232 803; x_wconf 88' lang='lat' dir='ltr'>quod</span> <span class='ocrx_word' id='word_1_102' title='bbox 1264 749 1399 803; x_wconf 89' lang='lat' dir='ltr'>ipsum</span> <span class='ocrx_word' id='word_1_103' title='bbox 1430 749 1515 789; x_wconf 89' lang='lat' dir='ltr'>vim</span> 
     </span>
     <span class='ocr_line' id='line_1_13' title="bbox 128 804 1514 860; baseline 0.001 -16"><span class='ocrx_word' id='word_1_104' title='bbox 128 818 323 859; x_wconf 75' lang='lat' dir='ltr'>magnam</span> <span class='ocrx_word' id='word_1_105' title='bbox 362 804 414 844; x_wconf 92' lang='lat' dir='ltr'>ad</span> <span class='ocrx_word' id='word_1_106' title='bbox 453 804 696 860; x_wconf 67' lang='lat' dir='ltr'>pellendan</span> <span class='ocrx_word' id='word_1_107' title='bbox 735 805 898 846; x_wconf 84' lang='lat' dir='ltr'>hostem</span> <span class='ocrx_word' id='word_1_108' title='bbox 938 805 1128 845; x_wconf 85' lang='lat' dir='ltr'>addebat.</span> <span class='ocrx_word' id='word_1_109' title='bbox 1192 805 1323 859; x_wconf 87' lang='lat' dir='ltr'>Apud</span> <span class='ocrx_word' id='word_1_110' title='bbox 1362 805 1514 854; x_wconf 87' lang='lat' dir='ltr'>hostes,</span> 
     </span>
     <span class='ocr_line' id='line_1_14' title="bbox 129 861 1514 917; baseline 0.001 -17"><span class='ocrx_word' id='word_1_111' title='bbox 129 861 349 901; x_wconf 89' lang='lat' dir='ltr'>auxiliares</span> <span class='ocrx_word' id='word_1_112' title='bbox 377 861 575 901; x_wconf 86' lang='lat' dir='ltr'>cedentes</span> <span class='ocrx_word' id='word_1_113' title='bbox 604 862 788 902; x_wconf 88' lang='lat' dir='ltr'>secunda</span> <span class='ocrx_word' id='word_1_114' title='bbox 814 863 935 911; x_wconf 87' lang='lat' dir='ltr'>acies,</span> <span class='ocrx_word' id='word_1_115' title='bbox 954 861 1047 902; x_wconf 81' lang='lat' dir='ltr'>Afri</span> <span class='ocrx_word' id='word_1_116' title='bbox 1069 870 1112 902; x_wconf 88' lang='lat' dir='ltr'>et</span> <span class='ocrx_word' id='word_1_117' title='bbox 1135 861 1514 917; x_wconf 80' lang='lat' dir='ltr'>Carthaginienses,</span> 
     </span>
     <span class='ocr_line' id='line_1_15' title="bbox 130 917 1516 972; baseline 0.001 -15"><span class='ocrx_word' id='word_1_118' title='bbox 130 917 236 958; x_wconf 89' lang='lat' dir='ltr'>adeo</span> <span class='ocrx_word' id='word_1_119' title='bbox 264 932 349 958; x_wconf 91' lang='lat' dir='ltr'>non</span> <span class='ocrx_word' id='word_1_120' title='bbox 377 918 650 967; x_wconf 84' lang='lat' dir='ltr'>sustinebant,</span> <span class='ocrx_word' id='word_1_121' title='bbox 673 927 720 959; x_wconf 88' lang='lat' dir='ltr'>ut</span> <span class='ocrx_word' id='word_1_122' title='bbox 747 927 891 959; x_wconf 89' lang='lat' dir='ltr'>contra</span> <span class='ocrx_word' id='word_1_123' title='bbox 919 919 1058 967; x_wconf 89' lang='lat' dir='ltr'>etiam,</span> <span class='ocrx_word' id='word_1_124' title='bbox 1082 933 1134 959; x_wconf 89' lang='lat' dir='ltr'>ne</span> <span class='ocrx_word' id='word_1_125' title='bbox 1161 918 1399 958; x_wconf 84' lang='lat' dir='ltr'>resistentes</span> <span class='ocrx_word' id='word_1_126' title='bbox 1420 933 1516 972; x_wconf 88' lang='lat' dir='ltr'>per-</span> 
     </span>
     <span class='ocr_line' id='line_1_16' title="bbox 130 974 1514 1030; baseline 0 -16"><span class='ocrx_word' id='word_1_127' title='bbox 130 974 323 1014; x_wconf 88' lang='lat' dir='ltr'>tinaciter</span> <span class='ocrx_word' id='word_1_128' title='bbox 349 974 505 1030; x_wconf 89' lang='lat' dir='ltr'>primos</span> <span class='ocrx_word' id='word_1_129' title='bbox 532 975 747 1015; x_wconf 88' lang='lat' dir='ltr'>caedendo</span> <span class='ocrx_word' id='word_1_130' title='bbox 776 975 828 1015; x_wconf 91' lang='lat' dir='ltr'>ad</span> <span class='ocrx_word' id='word_1_131' title='bbox 856 990 898 1015; x_wconf 92' lang='lat' dir='ltr'>se</span> <span class='ocrx_word' id='word_1_132' title='bbox 931 974 1168 1030; x_wconf 84' lang='lat' dir='ltr'>perveniret</span> <span class='ocrx_word' id='word_1_133' title='bbox 1196 974 1337 1022; x_wconf 85' lang='lat' dir='ltr'>hostis,</span> <span class='ocrx_word' id='word_1_134' title='bbox 1362 974 1514 1029; x_wconf 90' lang='lat' dir='ltr'>pedem</span> 
     </span>
     <span class='ocr_line' id='line_1_17' title="bbox 130 1030 1515 1086; baseline 0 -16"><span class='ocrx_word' id='word_1_135' title='bbox 130 1030 344 1071; x_wconf 82' lang='lat' dir='ltr'>referrent.</span> <span class='ocrx_word' id='word_1_136' title='bbox 407 1030 541 1085; x_wconf 80' lang='lat' dir='ltr'>Igitur</span> <span class='ocrx_word' id='word_1_137' title='bbox 561 1031 781 1071; x_wconf 85' lang='lat' dir='ltr'>auxiliares</span> <span class='ocrx_word' id='word_1_138' title='bbox 802 1041 917 1085; x_wconf 79' lang='lat' dir='ltr'>terga</span> <span class='ocrx_word' id='word_1_139' title='bbox 936 1031 1039 1071; x_wconf 87' lang='lat' dir='ltr'>dant</span> <span class='ocrx_word' id='word_1_140' title='bbox 1059 1039 1253 1086; x_wconf 89' lang='lat' dir='ltr'>repente:</span> <span class='ocrx_word' id='word_1_141' title='bbox 1283 1040 1337 1079; x_wconf 91' lang='lat' dir='ltr'>ct,</span> <span class='ocrx_word' id='word_1_142' title='bbox 1356 1031 1398 1070; x_wconf 89' lang='lat' dir='ltr'>in</span> <span class='ocrx_word' id='word_1_143' title='bbox 1420 1045 1515 1071; x_wconf 88' lang='lat' dir='ltr'>suos</span> 
     </span>
     <span class='ocr_line' id='line_1_18' title="bbox 130 1087 1516 1142; baseline 0.001 -16"><span class='ocrx_word' id='word_1_144' title='bbox 130 1087 250 1136; x_wconf 86' lang='lat' dir='ltr'>versi,</span> <span class='ocrx_word' id='word_1_145' title='bbox 273 1087 424 1142; x_wconf 86' lang='lat' dir='ltr'>partim</span> <span class='ocrx_word' id='word_1_146' title='bbox 453 1087 641 1142; x_wconf 80' lang='lat' dir='ltr'>refugere</span> <span class='ocrx_word' id='word_1_147' title='bbox 670 1088 714 1127; x_wconf 91' lang='lat' dir='ltr'>in</span> <span class='ocrx_word' id='word_1_148' title='bbox 741 1088 967 1128; x_wconf 87' lang='lat' dir='ltr'>secundam</span> <span class='ocrx_word' id='word_1_149' title='bbox 1001 1087 1145 1135; x_wconf 83' lang='lat' dir='ltr'>aciem,</span> <span class='ocrx_word' id='word_1_150' title='bbox 1167 1087 1317 1142; x_wconf 85' lang='lat' dir='ltr'>partim</span> <span class='ocrx_word' id='word_1_151' title='bbox 1346 1102 1430 1127; x_wconf 90' lang='lat' dir='ltr'>non</span> <span class='ocrx_word' id='word_1_152' title='bbox 1452 1102 1516 1127; x_wconf 91' lang='lat' dir='ltr'>re-</span> 
     </span>
     <span class='ocr_line' id='line_1_19' title="bbox 131 1143 1516 1199; baseline 0 -16"><span class='ocrx_word' id='word_1_153' title='bbox 131 1143 334 1198; x_wconf 88' lang='lat' dir='ltr'>cipientes</span> <span class='ocrx_word' id='word_1_154' title='bbox 374 1143 559 1192; x_wconf 88' lang='lat' dir='ltr'>caedere,</span> <span class='ocrx_word' id='word_1_155' title='bbox 603 1144 662 1184; x_wconf 89' lang='lat' dir='ltr'>uti</span> <span class='ocrx_word' id='word_1_156' title='bbox 703 1144 842 1199; x_wconf 90' lang='lat' dir='ltr'>paullo</span> <span class='ocrx_word' id='word_1_157' title='bbox 882 1153 977 1184; x_wconf 88' lang='lat' dir='ltr'>ante</span> <span class='ocrx_word' id='word_1_158' title='bbox 1019 1159 1103 1184; x_wconf 92' lang='lat' dir='ltr'>non</span> <span class='ocrx_word' id='word_1_159' title='bbox 1145 1143 1290 1191; x_wconf 87' lang='lat' dir='ltr'>adiuti,</span> <span class='ocrx_word' id='word_1_160' title='bbox 1332 1152 1375 1184; x_wconf 89' lang='lat' dir='ltr'>et</span> <span class='ocrx_word' id='word_1_161' title='bbox 1416 1151 1516 1184; x_wconf 90' lang='lat' dir='ltr'>tune</span> 
     </span>
     <span class='ocr_line' id='line_1_20' title="bbox 132 1175 1514 1255; baseline -0.001 -15"><span class='ocrx_word' id='word_1_162' title='bbox 132 1199 301 1241; x_wconf 85' lang='lat' dir='ltr'>exclusi.</span> <span class='ocrx_word' id='word_1_163' title='bbox 380 1199 435 1240; x_wconf 84' lang='lat' dir='ltr'>Et</span> <span class='ocrx_word' id='word_1_164' title='bbox 485 1215 613 1255; x_wconf 89' lang='lat' dir='ltr'>prope</span> <span class='ocrx_word' id='word_1_165' title='bbox 660 1200 744 1241; x_wconf 91' lang='lat' dir='ltr'>duo</span> <span class='ocrx_word' id='word_1_166' title='bbox 794 1201 877 1240; x_wconf 88' lang='lat' dir='ltr'>iam</span> <span class='ocrx_word' id='word_1_167' title='bbox 922 1201 1130 1255; x_wconf 87' lang='lat' dir='ltr'>permixta</span> <span class='ocrx_word' id='word_1_168' title='bbox 1178 1175 1334 1254; x_wconf 86' lang='lat' dir='ltr'>proelia</span> <span class='ocrx_word' id='word_1_169' title='bbox 1383 1209 1514 1249; x_wconf 85' lang='lat' dir='ltr'>erant,</span> 
     </span>
     <span class='ocr_line' id='line_1_21' title="bbox 132 1256 1516 1312; baseline 0 -16"><span class='ocrx_word' id='word_1_170' title='bbox 132 1271 264 1312; x_wconf 89' lang='lat' dir='ltr'>quum</span> <span class='ocrx_word' id='word_1_171' title='bbox 305 1256 672 1311; x_wconf 67' lang='lat' dir='ltr'>Carzthiginienses</span> <span class='ocrx_word' id='word_1_172' title='bbox 713 1256 835 1297; x_wconf 90' lang='lat' dir='ltr'>simul</span> <span class='ocrx_word' id='word_1_173' title='bbox 878 1272 973 1297; x_wconf 88' lang='lat' dir='ltr'>eum</span> <span class='ocrx_word' id='word_1_174' title='bbox 1016 1257 1216 1304; x_wconf 86' lang='lat' dir='ltr'>hostibus,</span> <span class='ocrx_word' id='word_1_175' title='bbox 1255 1256 1377 1296; x_wconf 90' lang='lat' dir='ltr'>simul</span> <span class='ocrx_word' id='word_1_176' title='bbox 1420 1271 1516 1297; x_wconf 91' lang='lat' dir='ltr'>cum</span> 
     </span>
     <span class='ocr_line' id='line_1_22' title="bbox 132 1313 1516 1368; baseline 0 -15"><span class='ocrx_word' id='word_1_177' title='bbox 132 1328 217 1353; x_wconf 87' lang='grc'><strong>51115</strong></span> <span class='ocrx_word' id='word_1_178' title='bbox 256 1322 506 1368; x_wconf 76' lang='lat' dir='ltr'>cogerentur</span> <span class='ocrx_word' id='word_1_179' title='bbox 540 1328 756 1354; x_wconf 65' lang='lat' dir='ltr'>conserme</span> <span class='ocrx_word' id='word_1_180' title='bbox 798 1328 953 1354; x_wconf 88' lang='lat' dir='ltr'>manus.</span> <span class='ocrx_word' id='word_1_181' title='bbox 1018 1313 1118 1353; x_wconf 81' lang='lat' dir='ltr'>Non</span> <span class='ocrx_word' id='word_1_182' title='bbox 1155 1321 1294 1353; x_wconf 89' lang='lat' dir='ltr'>tamen</span> <span class='ocrx_word' id='word_1_183' title='bbox 1330 1313 1388 1353; x_wconf 90' lang='lat' dir='ltr'>ita</span> <span class='ocrx_word' id='word_1_184' title='bbox 1421 1328 1516 1368; x_wconf 90' lang='lat' dir='ltr'>pcr-</span> 
     </span>
     <span class='ocr_line' id='line_1_23' title="bbox 133 1369 1516 1425; baseline 0 -16"><span class='ocrx_word' id='word_1_185' title='bbox 133 1369 268 1410; x_wconf 91' lang='lat' dir='ltr'>culsos</span> <span class='ocrx_word' id='word_1_186' title='bbox 300 1370 508 1425; x_wconf 88' lang='lat' dir='ltr'>iratosque</span> <span class='ocrx_word' id='word_1_187' title='bbox 544 1370 588 1409; x_wconf 87' lang='lat' dir='ltr'>in</span> <span class='ocrx_word' id='word_1_188' title='bbox 624 1370 754 1410; x_wconf 81' lang='lat' dir='ltr'>aciem</span> <span class='ocrx_word' id='word_1_189' title='bbox 791 1385 1014 1425; x_wconf 84' lang='lat' dir='ltr'>accepere3</span> <span class='ocrx_word' id='word_1_190' title='bbox 1059 1369 1144 1419; x_wconf 90' lang='lat' dir='ltr'>sed,</span> <span class='ocrx_word' id='word_1_191' title='bbox 1182 1369 1364 1410; x_wconf 88' lang='lat' dir='ltr'>densatis</span> <span class='ocrx_word' id='word_1_192' title='bbox 1405 1369 1516 1409; x_wconf 92' lang='lat' dir='ltr'>ordi-</span> 
     </span>
     <span class='ocr_line' id='line_1_24' title="bbox 132 1425 1515 1482; baseline 0 -16"><span class='ocrx_word' id='word_1_193' title='bbox 132 1426 267 1475; x_wconf 90' lang='lat' dir='ltr'>nibus,</span> <span class='ocrx_word' id='word_1_194' title='bbox 291 1426 334 1466; x_wconf 91' lang='lat' dir='ltr'>in</span> <span class='ocrx_word' id='word_1_195' title='bbox 356 1441 512 1466; x_wconf 86' lang='lat' dir='ltr'>cornua</span> <span class='ocrx_word' id='word_1_196' title='bbox 532 1441 795 1482; x_wconf 84' lang='lat' dir='ltr'>vacuumque</span> <span class='ocrx_word' id='word_1_197' title='bbox 817 1427 925 1467; x_wconf 86' lang='lat' dir='ltr'>circa</span> <span class='ocrx_word' id='word_1_198' title='bbox 949 1441 1142 1481; x_wconf 88' lang='lat' dir='ltr'>campum</span> <span class='ocrx_word' id='word_1_199' title='bbox 1169 1435 1287 1466; x_wconf 80' lang='lat' dir='ltr'>extra</span> <span class='ocrx_word' id='word_1_200' title='bbox 1311 1425 1515 1481; x_wconf 89' lang='lat' dir='ltr'>proelium</span> 
     </span>
     <span class='ocr_line' id='line_1_25' title="bbox 106 1482 1515 1538; baseline 0 -15"><span class='ocrx_word' id='word_1_201' title='bbox 106 1482 304 1532; x_wconf 88' lang='lat' dir='ltr'>1eieeerc,</span> <span class='ocrx_word' id='word_1_202' title='bbox 336 1498 388 1523; x_wconf 89' lang='lat' dir='ltr'>nc</span> <span class='ocrx_word' id='word_1_203' title='bbox 418 1483 570 1538; x_wconf 84' lang='lat' dir='ltr'>pavido</span> <span class='ocrx_word' id='word_1_204' title='bbox 600 1483 699 1538; x_wconf 82' lang='lat' dir='ltr'>fuga</span> <span class='ocrx_word' id='word_1_205' title='bbox 725 1483 1050 1538; x_wconf 87' lang='lat' dir='ltr'>vulneribusque</span> <span class='ocrx_word' id='word_1_206' title='bbox 1080 1482 1210 1523; x_wconf 86' lang='lat' dir='ltr'>milite</span> <span class='ocrx_word' id='word_1_207' title='bbox 1240 1483 1441 1523; x_wconf 88' lang='lat' dir='ltr'>sinceram</span> <span class='ocrx_word' id='word_1_208' title='bbox 1473 1491 1515 1523; x_wconf 90' lang='lat' dir='ltr'>et</span> 
     </span>
     <span class='ocr_line' id='line_1_26' title="bbox 133 1539 1517 1595; baseline -0.001 -16"><span class='ocrx_word' id='word_1_209' title='bbox 133 1540 338 1594; x_wconf 82' lang='lat' dir='ltr'>integram</span> <span class='ocrx_word' id='word_1_210' title='bbox 369 1540 500 1580; x_wconf 86' lang='lat' dir='ltr'>aciem</span> <span class='ocrx_word' id='word_1_211' title='bbox 531 1539 763 1581; x_wconf 85' lang='lat' dir='ltr'>miscerent.</span> <span class='ocrx_word' id='word_1_212' title='bbox 829 1540 1028 1581; x_wconf 85' lang='lat' dir='ltr'>Ceterum</span> <span class='ocrx_word' id='word_1_213' title='bbox 1059 1548 1173 1581; x_wconf 88' lang='lat' dir='ltr'>tanta</span> <span class='ocrx_word' id='word_1_214' title='bbox 1200 1549 1355 1595; x_wconf 82' lang='lat' dir='ltr'>strages</span> <span class='ocrx_word' id='word_1_215' title='bbox 1382 1539 1517 1579; x_wconf 89' lang='lat' dir='ltr'>homi—</span> 
     </span>
     <span class='ocr_line' id='line_1_27' title="bbox 134 1595 1516 1652; baseline 0.001 -17"><span class='ocrx_word' id='word_1_216' title='bbox 134 1610 236 1636; x_wconf 91' lang='lat' dir='ltr'>num</span> <span class='ocrx_word' id='word_1_217' title='bbox 277 1610 570 1651; x_wconf 89' lang='lat' dir='ltr'>armorumque</span> <span class='ocrx_word' id='word_1_218' title='bbox 612 1596 765 1646; x_wconf 89' lang='lat' dir='ltr'>locum,</span> <span class='ocrx_word' id='word_1_219' title='bbox 801 1596 846 1636; x_wconf 89' lang='lat' dir='ltr'>in</span> <span class='ocrx_word' id='word_1_220' title='bbox 882 1612 966 1652; x_wconf 93' lang='lat' dir='ltr'>quo</span> <span class='ocrx_word' id='word_1_221' title='bbox 1001 1605 1202 1637; x_wconf 89' lang='lat' dir='ltr'>steterant</span> <span class='ocrx_word' id='word_1_222' title='bbox 1239 1595 1379 1651; x_wconf 88' lang='lat' dir='ltr'>paullo</span> <span class='ocrx_word' id='word_1_223' title='bbox 1419 1604 1516 1636; x_wconf 87' lang='lat' dir='ltr'>ante</span> 
     </span>
     <span class='ocr_line' id='line_1_28' title="bbox 134 1652 1516 1708; baseline 0 -16"><span class='ocrx_word' id='word_1_224' title='bbox 134 1652 366 1701; x_wconf 83' lang='lat' dir='ltr'>auxiliares,</span> <span class='ocrx_word' id='word_1_225' title='bbox 389 1652 682 1708; x_wconf 87' lang='lat' dir='ltr'>compleverat,</span> <span class='ocrx_word' id='word_1_226' title='bbox 708 1662 755 1694; x_wconf 91' lang='lat' dir='ltr'>ut</span> <span class='ocrx_word' id='word_1_227' title='bbox 782 1668 911 1708; x_wconf 91' lang='lat' dir='ltr'>prope</span> <span class='ocrx_word' id='word_1_228' title='bbox 939 1652 1146 1693; x_wconf 85' lang='lat' dir='ltr'>difficilior</span> <span class='ocrx_word' id='word_1_229' title='bbox 1174 1652 1369 1692; x_wconf 87' lang='lat' dir='ltr'>transitus</span> <span class='ocrx_word' id='word_1_230' title='bbox 1396 1660 1516 1701; x_wconf 92' lang='lat' dir='ltr'>esset,</span> 
     </span>
     <span class='ocr_line' id='line_1_29' title="bbox 134 1708 1516 1764; baseline -0.001 -15"><span class='ocrx_word' id='word_1_231' title='bbox 134 1724 260 1763; x_wconf 91' lang='lat' dir='ltr'>quam</span> <span class='ocrx_word' id='word_1_232' title='bbox 281 1724 356 1764; x_wconf 90' lang='lat' dir='ltr'>per</span> <span class='ocrx_word' id='word_1_233' title='bbox 375 1709 582 1750; x_wconf 86' lang='lat' dir='ltr'>confertos</span> <span class='ocrx_word' id='word_1_234' title='bbox 603 1709 742 1750; x_wconf 91' lang='lat' dir='ltr'>hostes</span> <span class='ocrx_word' id='word_1_235' title='bbox 761 1710 905 1750; x_wconf 87' lang='lat' dir='ltr'>suerat.</span> <span class='ocrx_word' id='word_1_236' title='bbox 967 1708 1129 1764; x_wconf 88' lang='lat' dir='ltr'>Itaque,</span> <span class='ocrx_word' id='word_1_237' title='bbox 1148 1709 1221 1764; x_wconf 90' lang='lat' dir='ltr'>qui</span> <span class='ocrx_word' id='word_1_238' title='bbox 1241 1709 1365 1763; x_wconf 87' lang='lat' dir='ltr'>primi</span> <span class='ocrx_word' id='word_1_239' title='bbox 1385 1716 1516 1757; x_wconf 88' lang='lat' dir='ltr'>erant,</span> 
     </span>
     <span class='ocr_line' id='line_1_30' title="bbox 134 1765 1518 1829; baseline -0.001 -24"><span class='ocrx_word' id='word_1_240' title='bbox 134 1765 297 1829; x_wconf 78' lang='lat' dir='ltr'>hastati,</span> <span class='ocrx_word' id='word_1_241' title='bbox 320 1780 395 1820; x_wconf 89' lang='lat' dir='ltr'>per</span> <span class='ocrx_word' id='word_1_242' title='bbox 415 1765 603 1806; x_wconf 91' lang='lat' dir='ltr'>cumulos</span> <span class='ocrx_word' id='word_1_243' title='bbox 628 1781 848 1821; x_wconf 88' lang='lat' dir='ltr'>corporum</span> <span class='ocrx_word' id='word_1_244' title='bbox 873 1780 1166 1820; x_wconf 89' lang='lat' dir='ltr'>armorumque</span> <span class='ocrx_word' id='word_1_245' title='bbox 1192 1773 1234 1805; x_wconf 89' lang='lat' dir='ltr'>et</span> <span class='ocrx_word' id='word_1_246' title='bbox 1259 1765 1396 1805; x_wconf 90' lang='lat' dir='ltr'>tabem</span> <span class='ocrx_word' id='word_1_247' title='bbox 1425 1780 1518 1805; x_wconf 87' lang='lat' dir='ltr'>san—</span> 
     </span>
     <span class='ocr_line' id='line_1_31' title="bbox 134 1822 1519 1886; baseline 0 -25"><span class='ocrx_word' id='word_1_248' title='bbox 134 1822 285 1877; x_wconf 87' lang='lat' dir='ltr'>guinis,</span> <span class='ocrx_word' id='word_1_249' title='bbox 307 1837 391 1876; x_wconf 89' lang='lat' dir='ltr'>qua</span> <span class='ocrx_word' id='word_1_250' title='bbox 415 1822 591 1876; x_wconf 87' lang='lat' dir='ltr'>quisque</span> <span class='ocrx_word' id='word_1_251' title='bbox 616 1830 791 1877; x_wconf 88' lang='lat' dir='ltr'>poterat,</span> <span class='ocrx_word' id='word_1_252' title='bbox 814 1830 1036 1877; x_wconf 89' lang='lat' dir='ltr'>sequentes</span> <span class='ocrx_word' id='word_1_253' title='bbox 1064 1822 1239 1886; x_wconf 80' lang='lat' dir='ltr'>hostem,</span> <span class='ocrx_word' id='word_1_254' title='bbox 1262 1830 1305 1862; x_wconf 88' lang='lat' dir='ltr'>et</span> <span class='ocrx_word' id='word_1_255' title='bbox 1332 1822 1449 1877; x_wconf 81' lang='lat' dir='ltr'>signa</span> <span class='ocrx_word' id='word_1_256' title='bbox 1476 1830 1519 1862; x_wconf 89' lang='lat' dir='ltr'>et</span> 
     </span>
     <span class='ocr_line' id='line_1_32' title="bbox 135 1855 1518 1933; baseline -0.001 -14"><span class='ocrx_word' id='word_1_257' title='bbox 135 1877 301 1919; x_wconf 91' lang='lat' dir='ltr'>ordines</span> <span class='ocrx_word' id='word_1_258' title='bbox 341 1878 633 1919; x_wconf 89' lang='lat' dir='ltr'>confuderunt.</span> <span class='ocrx_word' id='word_1_259' title='bbox 696 1879 940 1933; x_wconf 77' lang='lat' dir='ltr'>Piineipum</span> <span class='ocrx_word' id='word_1_260' title='bbox 973 1894 1141 1933; x_wconf 88' lang='lat' dir='ltr'>quoque</span> <span class='ocrx_word' id='word_1_261' title='bbox 1177 1879 1296 1933; x_wconf 79' lang='lat' dir='ltr'>signa</span> <span class='ocrx_word' id='word_1_262' title='bbox 1326 1855 1518 1918; x_wconf 89' lang='lat' dir='ltr'>fluctuari</span> 
     </span>
     <span class='ocr_line' id='line_1_33' title="bbox 135 1933 1519 1989; baseline -0.001 -15"><span class='ocrx_word' id='word_1_263' title='bbox 135 1943 372 1989; x_wconf 85' lang='lat' dir='ltr'>coeperant,</span> <span class='ocrx_word' id='word_1_264' title='bbox 395 1949 539 1989; x_wconf 80' lang='lat' dir='ltr'>vagam</span> <span class='ocrx_word' id='word_1_265' title='bbox 569 1943 664 1974; x_wconf 88' lang='lat' dir='ltr'>ante</span> <span class='ocrx_word' id='word_1_266' title='bbox 695 1949 738 1974; x_wconf 85' lang='lat' dir='ltr'>se</span> <span class='ocrx_word' id='word_1_267' title='bbox 769 1934 980 1974; x_wconf 79' lang='lat' dir='ltr'>celnendo</span> <span class='ocrx_word' id='word_1_268' title='bbox 1011 1949 1154 1974; x_wconf 75' lang='lat' dir='ltr'>aelem.</span> <span class='ocrx_word' id='word_1_269' title='bbox 1219 1934 1347 1981; x_wconf 79' lang='lat' dir='ltr'>Quod</span> <span class='ocrx_word' id='word_1_270' title='bbox 1378 1933 1519 1988; x_wconf 87' lang='lat' dir='ltr'>Scipio</span> 
     </span>
     <span class='ocr_line' id='line_1_34' title="bbox 106 1989 1519 2044; baseline -0.001 -15"><span class='ocrx_word' id='word_1_271' title='bbox 106 1991 209 2031; x_wconf 77' lang='lat' dir='ltr'>2ubi</span> <span class='ocrx_word' id='word_1_272' title='bbox 229 1991 346 2038; x_wconf 88' lang='lat' dir='ltr'>vidit,</span> <span class='ocrx_word' id='word_1_273' title='bbox 368 1990 555 2044; x_wconf 89' lang='lat' dir='ltr'>receptui</span> <span class='ocrx_word' id='word_1_274' title='bbox 577 2005 751 2044; x_wconf 87' lang='lat' dir='ltr'>propere</span> <span class='ocrx_word' id='word_1_275' title='bbox 773 2004 921 2030; x_wconf 89' lang='lat' dir='ltr'>canere</span> <span class='ocrx_word' id='word_1_276' title='bbox 944 1989 1112 2029; x_wconf 86' lang='lat' dir='ltr'>hastatis</span> <span class='ocrx_word' id='word_1_277' title='bbox 1134 1989 1272 2029; x_wconf 86' lang='lat' dir='ltr'>iussit:</span> <span class='ocrx_word' id='word_1_278' title='bbox 1298 1998 1352 2037; x_wconf 91' lang='lat' dir='ltr'>et,</span> <span class='ocrx_word' id='word_1_279' title='bbox 1370 1989 1519 2029; x_wconf 89' lang='lat' dir='ltr'>sauciis</span> 
     </span>
     <span class='ocr_line' id='line_1_35' title="bbox 136 2045 1518 2101; baseline -0.001 -15"><span class='ocrx_word' id='word_1_280' title='bbox 136 2047 180 2087; x_wconf 91' lang='lat' dir='ltr'>in</span> <span class='ocrx_word' id='word_1_281' title='bbox 215 2055 465 2101; x_wconf 87' lang='lat' dir='ltr'>postremam</span> <span class='ocrx_word' id='word_1_282' title='bbox 506 2046 635 2086; x_wconf 84' lang='lat' dir='ltr'>aciem</span> <span class='ocrx_word' id='word_1_283' title='bbox 678 2045 904 2094; x_wconf 89' lang='lat' dir='ltr'>subductis,</span> <span class='ocrx_word' id='word_1_284' title='bbox 940 2045 1149 2100; x_wconf 88' lang='lat' dir='ltr'>principes</span> <span class='ocrx_word' id='word_1_285' title='bbox 1189 2045 1434 2100; x_wconf 86' lang='lat' dir='ltr'>triariosque</span> <span class='ocrx_word' id='word_1_286' title='bbox 1474 2045 1518 2085; x_wconf 91' lang='lat' dir='ltr'>in</span> 
     </span>
     <span class='ocr_line' id='line_1_36' title="bbox 136 2100 1517 2157; baseline -0.001 -14"><span class='ocrx_word' id='word_1_287' title='bbox 136 2117 294 2143; x_wconf 89' lang='lat' dir='ltr'>cornua</span> <span class='ocrx_word' id='word_1_288' title='bbox 323 2103 510 2150; x_wconf 88' lang='lat' dir='ltr'>inducit,</span> <span class='ocrx_word' id='word_1_289' title='bbox 548 2117 632 2157; x_wconf 89' lang='lat' dir='ltr'>quo</span> <span class='ocrx_word' id='word_1_290' title='bbox 662 2102 789 2142; x_wconf 87' lang='lat' dir='ltr'>tutior</span> <span class='ocrx_word' id='word_1_291' title='bbox 821 2101 1061 2156; x_wconf 85' lang='lat' dir='ltr'>firmiorque</span> <span class='ocrx_word' id='word_1_292' title='bbox 1095 2100 1233 2141; x_wconf 87' lang='lat' dir='ltr'>media</span> <span class='ocrx_word' id='word_1_293' title='bbox 1263 2101 1517 2141; x_wconf 86' lang='lat' dir='ltr'>hastatorum</span> 
     </span>
     <span class='ocr_line' id='line_1_37' title="bbox 137 2157 1515 2212; baseline -0.001 -12"><span class='ocrx_word' id='word_1_294' title='bbox 137 2159 246 2200; x_wconf 87' lang='lat' dir='ltr'>acies</span> <span class='ocrx_word' id='word_1_295' title='bbox 278 2167 396 2200; x_wconf 89' lang='lat' dir='ltr'>esset.</span> <span class='ocrx_word' id='word_1_296' title='bbox 458 2158 523 2199; x_wconf 89' lang='lat' dir='ltr'>Ita</span> <span class='ocrx_word' id='word_1_297' title='bbox 555 2174 636 2198; x_wconf 84' lang='lat' dir='ltr'>nov</span> <span class='ocrx_word' id='word_1_298' title='bbox 641 2173 710 2198; x_wconf 93' lang='lat' dir='ltr'>um</span> <span class='ocrx_word' id='word_1_299' title='bbox 743 2157 795 2198; x_wconf 90' lang='lat' dir='ltr'>de</span> <span class='ocrx_word' id='word_1_300' title='bbox 828 2158 990 2212; x_wconf 84' lang='lat' dir='ltr'>integro</span> <span class='ocrx_word' id='word_1_301' title='bbox 1023 2157 1227 2212; x_wconf 91' lang='lat' dir='ltr'>proelium</span> <span class='ocrx_word' id='word_1_302' title='bbox 1259 2165 1395 2198; x_wconf 89' lang='lat' dir='ltr'>ortum</span> <span class='ocrx_word' id='word_1_303' title='bbox 1428 2166 1515 2198; x_wconf 89' lang='lat' dir='ltr'>cst·</span> 
     </span>
     <span class='ocr_line' id='line_1_38' title="bbox 138 2214 1517 2271; baseline -0.002 -15"><span class='ocrx_word' id='word_1_304' title='bbox 138 2215 294 2271; x_wconf 90' lang='lat' dir='ltr'>quippe</span> <span class='ocrx_word' id='word_1_305' title='bbox 317 2215 370 2256; x_wconf 89' lang='lat' dir='ltr'>ad</span> <span class='ocrx_word' id='word_1_306' title='bbox 385 2230 503 2257; x_wconf 78' lang='lat' dir='ltr'>veros</span> <span class='ocrx_word' id='word_1_307' title='bbox 523 2214 662 2255; x_wconf 89' lang='lat' dir='ltr'>hostes</span> <span class='ocrx_word' id='word_1_308' title='bbox 681 2222 929 2270; x_wconf 89' lang='lat' dir='ltr'>perventum</span> <span class='ocrx_word' id='word_1_309' title='bbox 945 2223 1044 2262; x_wconf 87' lang='lat' dir='ltr'>erat,</span> <span class='ocrx_word' id='word_1_310' title='bbox 1062 2222 1104 2255; x_wconf 88' lang='lat' dir='ltr'>et</span> <span class='ocrx_word' id='word_1_311' title='bbox 1125 2228 1331 2254; x_wconf 86' lang='lat' dir='ltr'>armorum</span> <span class='ocrx_word' id='word_1_312' title='bbox 1349 2228 1517 2268; x_wconf 82' lang='lat' dir='ltr'>genere,</span> 
     </span>
     <span class='ocr_line' id='line_1_39' title="bbox 138 2269 1517 2325; baseline -0.002 -13"><span class='ocrx_word' id='word_1_313' title='bbox 138 2280 182 2312; x_wconf 84' lang='lat' dir='ltr'>et</span> <span class='ocrx_word' id='word_1_314' title='bbox 211 2287 289 2312; x_wconf 92' lang='lat' dir='ltr'>usu</span> <span class='ocrx_word' id='word_1_315' title='bbox 319 2271 504 2320; x_wconf 89' lang='lat' dir='ltr'>militiae,</span> <span class='ocrx_word' id='word_1_316' title='bbox 533 2280 574 2313; x_wconf 86' lang='lat' dir='ltr'>et</span> <span class='ocrx_word' id='word_1_317' title='bbox 602 2271 711 2311; x_wconf 87' lang='lat' dir='ltr'>fama</span> <span class='ocrx_word' id='word_1_318' title='bbox 742 2285 879 2311; x_wconf 74' lang='lat' dir='ltr'>rerum</span> <span class='ocrx_word' id='word_1_319' title='bbox 911 2278 1132 2325; x_wconf 83' lang='lat' dir='ltr'>gestarum,</span> <span class='ocrx_word' id='word_1_320' title='bbox 1162 2278 1203 2310; x_wconf 89' lang='lat' dir='ltr'>et</span> <span class='ocrx_word' id='word_1_321' title='bbox 1229 2269 1517 2324; x_wconf 81' lang='lat' dir='ltr'>magnitudine</span> 
     </span>
     <span class='ocr_line' id='line_1_40' title="bbox 138 2304 1519 2384; baseline -0.002 -15"><span class='ocrx_word' id='word_1_322' title='bbox 138 2328 204 2369; x_wconf 90' lang='lat' dir='ltr'>vel</span> <span class='ocrx_word' id='word_1_323' title='bbox 231 2328 321 2384; x_wconf 90' lang='lat' dir='ltr'>spei</span> <span class='ocrx_word' id='word_1_324' title='bbox 340 2327 407 2369; x_wconf 90' lang='lat' dir='ltr'>vel</span> <span class='ocrx_word' id='word_1_325' title='bbox 430 2327 605 2382; x_wconf 81' lang='lat' dir='ltr'>periculi</span> <span class='ocrx_word' id='word_1_326' title='bbox 632 2342 762 2383; x_wconf 85' lang='lat' dir='ltr'>pares.</span> <span class='ocrx_word' id='word_1_327' title='bbox 827 2304 937 2367; x_wconf 65' lang='lat' dir='ltr'>sedo</span> <span class='ocrx_word' id='word_1_328' title='bbox 940 2335 983 2367; x_wconf 87' lang='lat' dir='ltr'>et</span> <span class='ocrx_word' id='word_1_329' title='bbox 1010 2340 1185 2367; x_wconf 89' lang='lat' dir='ltr'>numero</span> <span class='ocrx_word' id='word_1_330' title='bbox 1208 2326 1424 2367; x_wconf 87' lang='lat' dir='ltr'>Romanus</span> <span class='ocrx_word' id='word_1_331' title='bbox 1451 2340 1519 2366; x_wconf 90' lang='lat' dir='ltr'>su-</span> 
     </span>
    </p>
   </div>
   <div class='ocr_carea' id='block_1_3' title="bbox 139 2469 1519 2634">
    <p class='ocr_par' dir='ltr' id='par_1_3' title="bbox 139 2469 1519 2634">
     <span class='ocr_line' id='line_1_41' title="bbox 183 2469 1037 2510; baseline -0.001 -9"><span class='ocrx_word' id='word_1_332' title='bbox 183 2471 202 2501; x_wconf 88' lang='grc'>8</span> <span class='ocrx_word' id='word_1_333' title='bbox 228 2472 270 2501; x_wconf 80' lang='lat' dir='ltr'>In</span> <span class='ocrx_word' id='word_1_334' title='bbox 306 2481 341 2501; x_wconf 72' lang='lat' dir='ltr'>re</span> <span class='ocrx_word' id='word_1_335' title='bbox 374 2471 517 2510; x_wconf 64' lang='lat' dir='ltr'>gerenda</span> <span class='ocrx_word' id='word_1_336' title='bbox 556 2471 701 2500; x_wconf 81' lang='lat' dir='ltr'>momenti</span> <span class='ocrx_word' id='word_1_337' title='bbox 738 2470 804 2506; x_wconf 82' lang='lat' dir='ltr'>res]</span> <span class='ocrx_word' id='word_1_338' title='bbox 852 2473 906 2500; x_wconf 80' lang='lat' dir='ltr'>tes.</span> <span class='ocrx_word' id='word_1_339' title='bbox 932 2469 1037 2500; x_wconf 64' lang='lat' dir='ltr'>szv.</span> 
     </span>
     <span class='ocr_line' id='line_1_42' title="bbox 142 2509 1516 2547; baseline -0.002 -5"><span class='ocrx_word' id='word_1_340' title='bbox 142 2513 304 2543; x_wconf 87' lang='lat' dir='ltr'>Ultimam</span> <span class='ocrx_word' id='word_1_341' title='bbox 321 2522 431 2542; x_wconf 83' lang='lat' dir='ltr'>vocem</span> <span class='ocrx_word' id='word_1_342' title='bbox 447 2523 498 2543; x_wconf 86' lang='lat' dir='ltr'>res</span> <span class='ocrx_word' id='word_1_343' title='bbox 515 2511 655 2542; x_wconf 74' lang='lat' dir='ltr'>Gronov.</span> <span class='ocrx_word' id='word_1_344' title='bbox 673 2515 703 2540; x_wconf 88' lang='lat' dir='ltr'>et</span> <span class='ocrx_word' id='word_1_345' title='bbox 722 2511 807 2540; x_wconf 83' lang='lat' dir='ltr'>Bek-</span> <span class='ocrx_word' id='word_1_346' title='bbox 899 2520 910 2540; x_wconf 86' lang='lat'>1</span> <span class='ocrx_word' id='word_1_347' title='bbox 936 2512 1101 2541; x_wconf 77' lang='lat' dir='ltr'>Sinceram</span> <span class='ocrx_word' id='word_1_348' title='bbox 1137 2515 1168 2541; x_wconf 78' lang='lat' dir='ltr'>et</span> <span class='ocrx_word' id='word_1_349' title='bbox 1207 2511 1363 2547; x_wconf 64' lang='lat' dir='ltr'>integram</span> <span class='ocrx_word' id='word_1_350' title='bbox 1400 2509 1516 2547; x_wconf 76' lang='lat' dir='ltr'>aciem]</span> 
     </span>
     <span class='ocr_line' id='line_1_43' title="bbox 139 2550 1519 2593; baseline -0.003 -9"><span class='ocrx_word' id='word_1_351' title='bbox 139 2554 206 2591; x_wconf 79' lang='lat' dir='ltr'>ker.</span> <span class='ocrx_word' id='word_1_352' title='bbox 232 2555 353 2591; x_wconf 86' lang='lat' dir='ltr'>delent,</span> <span class='ocrx_word' id='word_1_353' title='bbox 379 2558 415 2584; x_wconf 88' lang='lat' dir='ltr'>ut</span> <span class='ocrx_word' id='word_1_354' title='bbox 437 2564 544 2593; x_wconf 78' lang='lat' dir='ltr'>parva</span> <span class='ocrx_word' id='word_1_355' title='bbox 571 2553 724 2582; x_wconf 75' lang='lat' dir='ltr'>referatur</span> <span class='ocrx_word' id='word_1_356' title='bbox 750 2562 807 2581; x_wconf 89' lang='lat' dir='ltr'>nu·</span> <span class='ocrx_word' id='word_1_357' title='bbox 854 2551 1006 2590; x_wconf 82' lang='lat' dir='ltr'>Intellige</span> <span class='ocrx_word' id='word_1_358' title='bbox 1035 2552 1136 2581; x_wconf 83' lang='lat' dir='ltr'>aciem</span> <span class='ocrx_word' id='word_1_359' title='bbox 1166 2561 1230 2580; x_wconf 89' lang='lat' dir='ltr'>non</span> <span class='ocrx_word' id='word_1_360' title='bbox 1258 2550 1451 2589; x_wconf 79' lang='lat' dir='ltr'>permixtam</span> <span class='ocrx_word' id='word_1_361' title='bbox 1478 2560 1519 2580; x_wconf 85' lang='lat' dir='ltr'>ex</span> 
     </span>
     <span class='ocr_line' id='line_1_44' title="bbox 140 2592 1519 2634; baseline -0.001 -9"><span class='ocrx_word' id='word_1_362' title='bbox 140 2605 228 2625; x_wconf 88' lang='lat' dir='ltr'>mero</span> <span class='ocrx_word' id='word_1_363' title='bbox 244 2596 361 2634; x_wconf 84' lang='lat' dir='ltr'>plurali</span> <span class='ocrx_word' id='word_1_364' title='bbox 381 2596 423 2626; x_wconf 86' lang='lat' dir='ltr'>ad</span> <span class='ocrx_word' id='word_1_365' title='bbox 444 2595 552 2624; x_wconf 86' lang='lat' dir='ltr'>omnia</span> <span class='ocrx_word' id='word_1_366' title='bbox 567 2604 649 2633; x_wconf 83' lang='lat' dir='ltr'>quae</span> <span class='ocrx_word' id='word_1_367' title='bbox 672 2604 807 2632; x_wconf 83' lang='lat' dir='ltr'>sequun-</span> <span class='ocrx_word' id='word_1_368' title='bbox 853 2594 1009 2623; x_wconf 77' lang='lat' dir='ltr'>variarum</span> <span class='ocrx_word' id='word_1_369' title='bbox 1049 2593 1193 2632; x_wconf 85' lang='lat' dir='ltr'>gentium</span> <span class='ocrx_word' id='word_1_370' title='bbox 1231 2592 1424 2628; x_wconf 79' lang='lat' dir='ltr'>colluvione,</span> <span class='ocrx_word' id='word_1_371' title='bbox 1461 2602 1519 2624; x_wconf 82' lang='lat' dir='ltr'>nee</span> 
     </span>
    </p>
   </div>
   <div class='ocr_carea' id='block_1_4' title="bbox 141 2633 1519 2757">
    <p class='ocr_par' dir='ltr' id='par_1_4' title="bbox 141 2633 1519 2757">
     <span class='ocr_line' id='line_1_45' title="bbox 141 2633 1519 2674; baseline -0.003 -7"><span class='ocrx_word' id='word_1_372' title='bbox 141 2642 203 2674; x_wconf 78' lang='lat' dir='ltr'>tur,</span> <span class='ocrx_word' id='word_1_373' title='bbox 219 2638 274 2667; x_wconf 86' lang='lat' dir='ltr'>sed</span> <span class='ocrx_word' id='word_1_374' title='bbox 291 2637 429 2668; x_wconf 77' lang='lat' dir='ltr'>Crevier.</span> <span class='ocrx_word' id='word_1_375' title='bbox 446 2637 633 2666; x_wconf 79' lang='lat' dir='ltr'>servandam</span> <span class='ocrx_word' id='word_1_376' title='bbox 650 2639 767 2666; x_wconf 78' lang='lat' dir='ltr'>censet,</span> <span class='ocrx_word' id='word_1_377' title='bbox 852 2636 919 2664; x_wconf 85' lang='lat' dir='ltr'>nlla</span> <span class='ocrx_word' id='word_1_378' title='bbox 941 2635 1047 2665; x_wconf 87' lang='lat' dir='ltr'>adhuc</span> <span class='ocrx_word' id='word_1_379' title='bbox 1071 2635 1173 2671; x_wconf 82' lang='lat' dir='ltr'>clade,</span> <span class='ocrx_word' id='word_1_380' title='bbox 1189 2634 1256 2664; x_wconf 89' lang='lat' dir='ltr'>ullo</span> <span class='ocrx_word' id='word_1_381' title='bbox 1276 2634 1393 2663; x_wconf 84' lang='lat' dir='ltr'>damno</span> <span class='ocrx_word' id='word_1_382' title='bbox 1415 2633 1519 2664; x_wconf 84' lang='lat' dir='ltr'>immi-</span> 
     </span>
     <span class='ocr_line' id='line_1_46' title="bbox 184 2676 1392 2719; baseline -0.003 -10"><span class='ocrx_word' id='word_1_383' title='bbox 184 2689 204 2719; x_wconf 93' lang='lat'>9</span> <span class='ocrx_word' id='word_1_384' title='bbox 218 2680 284 2708; x_wconf 77' lang='lat' dir='ltr'>Ala</span> <span class='ocrx_word' id='word_1_385' title='bbox 300 2680 412 2709; x_wconf 70' lang='lat' dir='ltr'>deinde</span> <span class='ocrx_word' id='word_1_386' title='bbox 428 2683 458 2709; x_wconf 81' lang='lat' dir='ltr'>et</span> <span class='ocrx_word' id='word_1_387' title='bbox 475 2679 659 2708; x_wconf 78' lang='lat' dir='ltr'>umbonibus</span> <span class='ocrx_word' id='word_1_388' title='bbox 672 2678 808 2716; x_wconf 79' lang='lat' dir='ltr'>pulsan-</span> <span class='ocrx_word' id='word_1_389' title='bbox 853 2681 963 2706; x_wconf 86' lang='lat' dir='ltr'>nutam</span> <span class='ocrx_word' id='word_1_390' title='bbox 980 2680 1035 2706; x_wconf 86' lang='lat' dir='ltr'>aut</span> <span class='ocrx_word' id='word_1_391' title='bbox 1052 2676 1262 2706; x_wconf 83' lang='lat' dir='ltr'>debilitatam.</span> <span class='ocrx_word' id='word_1_392' title='bbox 1286 2676 1392 2706; x_wconf 78' lang='lat' dir='ltr'><strong>CREv.</strong></span> 
     </span>
     <span class='ocr_line' id='line_1_47' title="bbox 142 2717 1519 2757; baseline -0.003 -7"><span class='ocrx_word' id='word_1_393' title='bbox 142 2721 203 2757; x_wconf 79' lang='lat' dir='ltr'>tes]</span> <span class='ocrx_word' id='word_1_394' title='bbox 231 2721 365 2750; x_wconf 87' lang='lat' dir='ltr'>Incusso</span> <span class='ocrx_word' id='word_1_395' title='bbox 380 2721 499 2750; x_wconf 82' lang='lat' dir='ltr'>lacerto</span> <span class='ocrx_word' id='word_1_396' title='bbox 515 2723 547 2749; x_wconf 87' lang='lat' dir='ltr'>et</span> <span class='ocrx_word' id='word_1_397' title='bbox 562 2723 722 2749; x_wconf 84' lang='lat' dir='ltr'>scutorum</span> <span class='ocrx_word' id='word_1_398' title='bbox 740 2729 807 2748; x_wconf 88' lang='lat' dir='ltr'>um-</span> <span class='ocrx_word' id='word_1_399' title='bbox 896 2727 911 2748; x_wconf 82' lang='lat'>2</span> <span class='ocrx_word' id='word_1_400' title='bbox 937 2719 1090 2757; x_wconf 80' lang='lat' dir='ltr'>Receptnz&#39;</span> <span class='ocrx_word' id='word_1_401' title='bbox 1108 2740 1114 2747; x_wconf 94' lang='lat'>.</span> <span class='ocrx_word' id='word_1_402' title='bbox 1130 2741 1136 2747; x_wconf 95' lang='lat'>.</span> <span class='ocrx_word' id='word_1_403' title='bbox 1151 2741 1158 2747; x_wconf 88' lang='lat'><strong><em>.</em></strong></span> <span class='ocrx_word' id='word_1_404' title='bbox 1174 2728 1290 2747; x_wconf 76' lang='lat' dir='ltr'>canere</span> <span class='ocrx_word' id='word_1_405' title='bbox 1305 2717 1440 2747; x_wconf 77' lang='lat' dir='ltr'>hastatis</span> <span class='ocrx_word' id='word_1_406' title='bbox 1455 2717 1519 2747; x_wconf 76' lang='lat' dir='ltr'>ius-</span> 
     </span>
    </p>
   </div>
   <div class='ocr_carea' id='block_1_5' title="bbox 142 2758 1520 2843">
    <p class='ocr_par' dir='ltr' id='par_1_5' title="bbox 142 2758 1520 2843">
     <span class='ocr_line' id='line_1_48' title="bbox 142 2758 1520 2800; baseline -0.001 -10"><span class='ocrx_word' id='word_1_407' title='bbox 142 2762 287 2793; x_wconf 87' lang='lat' dir='ltr'>bonibus.</span> <span class='ocrx_word' id='word_1_408' title='bbox 331 2761 383 2792; x_wconf 88' lang='lat' dir='ltr'>Sic</span> <span class='ocrx_word' id='word_1_409' title='bbox 414 2772 499 2800; x_wconf 83' lang='lat' dir='ltr'>supr.</span> <span class='ocrx_word' id='word_1_410' title='bbox 530 2761 571 2791; x_wconf 85' lang='lat' dir='ltr'>ix.</span> <span class='ocrx_word' id='word_1_411' title='bbox 599 2771 649 2799; x_wconf 83' lang='lat'>41.</span> <span class='ocrx_word' id='word_1_412' title='bbox 698 2762 806 2792; x_wconf 81' lang='lat' dir='ltr'>Umbo-</span> <span class='ocrx_word' id='word_1_413' title='bbox 851 2759 908 2798; x_wconf 78' lang='lat' dir='ltr'>sit]</span> <span class='ocrx_word' id='word_1_414' title='bbox 929 2760 1026 2789; x_wconf 85' lang='lat' dir='ltr'>Iussit</span> <span class='ocrx_word' id='word_1_415' title='bbox 1042 2759 1184 2798; x_wconf 85' lang='lat' dir='ltr'>receptui</span> <span class='ocrx_word' id='word_1_416' title='bbox 1200 2769 1313 2788; x_wconf 62' lang='lat' dir='ltr'>minere</span> <span class='ocrx_word' id='word_1_417' title='bbox 1328 2758 1471 2795; x_wconf 81' lang='lat' dir='ltr'>hastatis,</span> <span class='ocrx_word' id='word_1_418' title='bbox 1486 2758 1520 2788; x_wconf 81' lang='lat' dir='ltr'>id</span> 
     </span>
     <span class='ocr_line' id='line_1_49' title="bbox 143 2800 1462 2843; baseline 0 -11"><span class='ocrx_word' id='word_1_419' title='bbox 143 2804 238 2833; x_wconf 74' lang='lat' dir='ltr'>nibus</span> <span class='ocrx_word' id='word_1_420' title='bbox 254 2805 443 2843; x_wconf 74' lang='lat' dir='ltr'>incussaque</span> <span class='ocrx_word' id='word_1_421' title='bbox 461 2804 514 2833; x_wconf 80' lang='grc' dir='ltr'>(ιία</span> <span class='ocrx_word' id='word_1_422' title='bbox 534 2807 724 2833; x_wconf 70' lang='lat' dir='ltr'>sternuntur</span> <span class='ocrx_word' id='word_1_423' title='bbox 740 2803 807 2833; x_wconf 78' lang='lat' dir='ltr'>hos·</span> <span class='ocrx_word' id='word_1_424' title='bbox 852 2806 898 2833; x_wconf 76' lang='lat' dir='ltr'>est</span> <span class='ocrx_word' id='word_1_425' title='bbox 914 2802 955 2832; x_wconf 85' lang='lat' dir='ltr'>ad</span> <span class='ocrx_word' id='word_1_426' title='bbox 971 2801 1113 2832; x_wconf 82' lang='lat' dir='ltr'>hastatos</span> <span class='ocrx_word' id='word_1_427' title='bbox 1127 2801 1332 2832; x_wconf 73' lang='lat' dir='ltr'>revocandos.</span> <span class='ocrx_word' id='word_1_428' title='bbox 1355 2800 1462 2832; x_wconf 61' lang='grc' dir='ltr'>ΟΜΝ.</span> 
     </span>
    </p>
   </div>
  </div>
 </body>
</html>
