<?xml version="1.0" encoding="UTF-8"?>
<!DOCTYPE html PUBLIC "-//W3C//DTD XHTML 1.0 Transitional//EN"
    "http://www.w3.org/TR/xhtml1/DTD/xhtml1-transitional.dtd">
<html xmlns="http://www.w3.org/1999/xhtml" xml:lang="en" lang="en">
 <head>
  <title>
</title>
<meta http-equiv="Content-Type" content="text/html;charset=utf-8" />
  <meta name='ocr-system' content='tesseract 3.04.00' />
  <meta name='ocr-capabilities' content='ocr_page ocr_carea ocr_par ocr_line ocrx_word'/>
</head>
<body>
  <div class='ocr_page' id='page_1' title='image "./historiarumaburb02livyuoft_0400.png"; bbox 0 0 1877 3178; ppageno 0'>
   <div class='ocr_carea' id='block_1_1' title="bbox 347 136 1224 180">
    <p class='ocr_par' dir='ltr' id='par_1_1' title="bbox 347 136 1224 180">
     <span class='ocr_line' id='line_1_1' title="bbox 347 136 1224 180; baseline 0 -2"><span class='ocrx_word' id='word_1_1' title='bbox 347 141 431 180; x_wconf 88' lang='lat'>390</span> <span class='ocrx_word' id='word_1_2' title='bbox 861 136 1008 179; x_wconf 86' lang='grc' dir='ltr'>ΤΙΤΙ</span> <span class='ocrx_word' id='word_1_3' title='bbox 1046 136 1224 178; x_wconf 92' lang='lat' dir='ltr'>LIVII</span> 
     </span>
    </p>
   </div>
   <div class='ocr_carea' id='block_1_2' title="bbox 145 224 1768 2176">
    <p class='ocr_par' dir='ltr' id='par_1_2' title="bbox 145 224 1722 280">
     <span class='ocr_line' id='line_1_2' title="bbox 145 224 1722 280; baseline 0 -16"><span class='ocrx_word' id='word_1_4' title='bbox 145 233 188 264; x_wconf 89' lang='lat' dir='ltr'>U.</span> <span class='ocrx_word' id='word_1_5' title='bbox 205 233 243 264; x_wconf 83' lang='lat' dir='ltr'>C.</span> <span class='ocrx_word' id='word_1_6' title='bbox 267 241 337 272; x_wconf 85' lang='lat'><strong>545-</strong></span> <span class='ocrx_word' id='word_1_7' title='bbox 349 225 554 273; x_wconf 85' lang='lat' dir='ltr'>subsidiis,</span> <span class='ocrx_word' id='word_1_8' title='bbox 576 233 617 265; x_wconf 90' lang='lat' dir='ltr'>et</span> <span class='ocrx_word' id='word_1_9' title='bbox 637 225 972 280; x_wconf 80' lang='lat' dir='ltr'>procurrentium</span> <span class='ocrx_word' id='word_1_10' title='bbox 1002 224 1054 264; x_wconf 89' lang='lat' dir='ltr'>ad</span> <span class='ocrx_word' id='word_1_11' title='bbox 1081 232 1291 265; x_wconf 88' lang='lat' dir='ltr'>certamen</span> <span class='ocrx_word' id='word_1_12' title='bbox 1319 238 1493 264; x_wconf 88' lang='lat' dir='ltr'>numero</span> <span class='ocrx_word' id='word_1_13' title='bbox 1520 232 1722 279; x_wconf 76' lang='lat' dir='ltr'>augetur:</span> 
     </span>
    </p>

    <p class='ocr_par' dir='ltr' id='par_1_3' title="bbox 145 276 1768 2176">
     <span class='ocr_line' id='line_1_3' title="bbox 145 276 1727 337; baseline -0.002 -15"><span class='ocrx_word' id='word_1_14' title='bbox 145 276 184 306; x_wconf 92' lang='lat' dir='ltr'>A.</span> <span class='ocrx_word' id='word_1_15' title='bbox 206 276 244 306; x_wconf 82' lang='lat' dir='ltr'>C.</span> <span class='ocrx_word' id='word_1_16' title='bbox 268 282 338 314; x_wconf 73' lang='lat'>²07·</span> <span class='ocrx_word' id='word_1_17' title='bbox 351 290 668 337; x_wconf 82' lang='lat' dir='ltr'>pugnantesque</span> <span class='ocrx_word' id='word_1_18' title='bbox 693 281 827 335; x_wconf 80' lang='lat' dir='ltr'>(qnod</span> <span class='ocrx_word' id='word_1_19' title='bbox 855 281 934 320; x_wconf 84' lang='lat' dir='ltr'>nisi</span> <span class='ocrx_word' id='word_1_20' title='bbox 962 296 1006 320; x_wconf 88' lang='grc'>111</span> <span class='ocrx_word' id='word_1_21' title='bbox 1029 289 1169 320; x_wconf 90' lang='lat' dir='ltr'>vetere</span> <span class='ocrx_word' id='word_1_22' title='bbox 1199 280 1397 329; x_wconf 69' lang='lat' dir='ltr'>exercittl,</span> <span class='ocrx_word' id='word_1_23' title='bbox 1420 288 1462 320; x_wconf 89' lang='lat' dir='ltr'>et</span> <span class='ocrx_word' id='word_1_24' title='bbox 1481 279 1578 320; x_wconf 90' lang='lat' dir='ltr'>duci</span> <span class='ocrx_word' id='word_1_25' title='bbox 1597 280 1727 320; x_wconf 87' lang='lat' dir='ltr'>veteri</span> 
     </span>
     <span class='ocr_line' id='line_1_4' title="bbox 351 336 1729 391; baseline -0.001 -14"><span class='ocrx_word' id='word_1_26' title='bbox 351 338 465 378; x_wconf 91' lang='lat' dir='ltr'>haud</span> <span class='ocrx_word' id='word_1_27' title='bbox 495 337 616 377; x_wconf 86' lang='lat' dir='ltr'>facile</span> <span class='ocrx_word' id='word_1_28' title='bbox 647 336 728 391; x_wconf 86' lang='lat' dir='ltr'>est)</span> <span class='ocrx_word' id='word_1_29' title='bbox 758 337 866 376; x_wconf 89' lang='lat' dir='ltr'>inter</span> <span class='ocrx_word' id='word_1_30' title='bbox 897 336 1121 376; x_wconf 88' lang='lat' dir='ltr'>tumultum</span> <span class='ocrx_word' id='word_1_31' title='bbox 1158 351 1205 376; x_wconf 87' lang='lat' dir='ltr'>ac</span> <span class='ocrx_word' id='word_1_32' title='bbox 1241 344 1438 376; x_wconf 87' lang='lat' dir='ltr'>terrorem</span> <span class='ocrx_word' id='word_1_33' title='bbox 1469 336 1729 375; x_wconf 81' lang='lat' dir='ltr'>instruxisset</span> 
     </span>
     <span class='ocr_line' id='line_1_5' title="bbox 353 391 1760 446; baseline -0.001 -12"><span class='ocrx_word' id='word_1_34' title='bbox 353 393 580 442; x_wconf 81' lang='lat' dir='ltr'>Hannibal,</span> <span class='ocrx_word' id='word_1_35' title='bbox 602 393 646 432; x_wconf 94' lang='lat' dir='ltr'>ni</span> <span class='ocrx_word' id='word_1_36' title='bbox 667 393 898 432; x_wconf 84' lang='lat' dir='ltr'>cohortium</span> <span class='ocrx_word' id='word_1_37' title='bbox 924 407 971 432; x_wconf 90' lang='lat' dir='ltr'>ac</span> <span class='ocrx_word' id='word_1_38' title='bbox 996 392 1302 446; x_wconf 75' lang='lat' dir='ltr'>manipulorum</span> <span class='ocrx_word' id='word_1_39' title='bbox 1324 391 1634 431; x_wconf 84' lang='lat' dir='ltr'>decurrentium</span> <span class='ocrx_word' id='word_1_40' title='bbox 1654 403 1760 445; x_wconf 85' lang='lat' dir='ltr'>per3</span> 
     </span>
     <span class='ocr_line' id='line_1_6' title="bbox 352 446 1762 503; baseline -0.001 -14"><span class='ocrx_word' id='word_1_41' title='bbox 352 449 476 490; x_wconf 89' lang='lat' dir='ltr'>colles</span> <span class='ocrx_word' id='word_1_42' title='bbox 497 449 663 497; x_wconf 85' lang='lat' dir='ltr'>clamor,</span> <span class='ocrx_word' id='word_1_43' title='bbox 682 449 733 488; x_wconf 87' lang='lat' dir='ltr'>ab</span> <span class='ocrx_word' id='word_1_44' title='bbox 757 457 872 503; x_wconf 73' lang='lat' dir='ltr'>tergo</span> <span class='ocrx_word' id='word_1_45' title='bbox 893 448 1071 496; x_wconf 87' lang='lat' dir='ltr'>auditus,</span> <span class='ocrx_word' id='word_1_46' title='bbox 1090 456 1261 495; x_wconf 89' lang='lat' dir='ltr'>metum,</span> <span class='ocrx_word' id='word_1_47' title='bbox 1279 461 1332 487; x_wconf 90' lang='lat' dir='ltr'>ne</span> <span class='ocrx_word' id='word_1_48' title='bbox 1353 446 1762 487; x_wconf 88' lang='lat' dir='ltr'>intercluderentur4</span> 
     </span>
     <span class='ocr_line' id='line_1_7' title="bbox 352 502 1730 558; baseline -0.003 -13"><span class='ocrx_word' id='word_1_49' title='bbox 352 521 377 545; x_wconf 89' lang='lat' dir='ltr'>a</span> <span class='ocrx_word' id='word_1_50' title='bbox 403 505 557 553; x_wconf 89' lang='lat' dir='ltr'>castris,</span> <span class='ocrx_word' id='word_1_51' title='bbox 583 505 802 544; x_wconf 86' lang='lat' dir='ltr'>iniecisset.</span> <span class='ocrx_word' id='word_1_52' title='bbox 863 503 969 543; x_wconf 91' lang='lat' dir='ltr'>Inde</span> <span class='ocrx_word' id='word_1_53' title='bbox 1000 518 1127 558; x_wconf 85' lang='lat' dir='ltr'>pavor</span> <span class='ocrx_word' id='word_1_54' title='bbox 1156 503 1355 550; x_wconf 88' lang='lat' dir='ltr'>incussus,</span> <span class='ocrx_word' id='word_1_55' title='bbox 1385 511 1427 542; x_wconf 86' lang='lat' dir='ltr'>et</span> <span class='ocrx_word' id='word_1_56' title='bbox 1453 503 1551 557; x_wconf 79' lang='lat' dir='ltr'>fuga</span> <span class='ocrx_word' id='word_1_57' title='bbox 1579 502 1730 556; x_wconf 84' lang='lat' dir='ltr'>passim</span> 
     </span>
     <span class='ocr_line' id='line_1_8' title="bbox 353 558 1732 615; baseline -0.003 -14"><span class='ocrx_word' id='word_1_58' title='bbox 353 561 443 601; x_wconf 90' lang='lat' dir='ltr'>fieri</span> <span class='ocrx_word' id='word_1_59' title='bbox 474 569 622 615; x_wconf 87' lang='lat' dir='ltr'>coepta</span> <span class='ocrx_word' id='word_1_60' title='bbox 651 569 737 600; x_wconf 88' lang='lat' dir='ltr'>est:</span> <span class='ocrx_word' id='word_1_61' title='bbox 771 560 990 613; x_wconf 86' lang='lat' dir='ltr'>minorque</span> <span class='ocrx_word' id='word_1_62' title='bbox 1021 559 1168 599; x_wconf 90' lang='lat' dir='ltr'>caedes</span> <span class='ocrx_word' id='word_1_63' title='bbox 1197 558 1288 606; x_wconf 88' lang='lat' dir='ltr'>fuit,</span> <span class='ocrx_word' id='word_1_64' title='bbox 1318 558 1416 612; x_wconf 86' lang='lat' dir='ltr'>quia</span> <span class='ocrx_word' id='word_1_65' title='bbox 1444 558 1732 612; x_wconf 86' lang='lat' dir='ltr'>propinquitas</span> 
     </span>
     <span class='ocr_line' id='line_1_9' title="bbox 353 613 1732 669; baseline -0.004 -12"><span class='ocrx_word' id='word_1_66' title='bbox 353 625 577 657; x_wconf 87' lang='lat' dir='ltr'>castrorum</span> <span class='ocrx_word' id='word_1_67' title='bbox 605 616 835 655; x_wconf 88' lang='lat' dir='ltr'>breviorem</span> <span class='ocrx_word' id='word_1_68' title='bbox 855 615 996 669; x_wconf 80' lang='lat' dir='ltr'>fugam</span> <span class='ocrx_word' id='word_1_69' title='bbox 1023 614 1221 669; x_wconf 89' lang='lat' dir='ltr'>perculsis</span> <span class='ocrx_word' id='word_1_70' title='bbox 1240 614 1349 654; x_wconf 88' lang='lat' dir='ltr'>feeit.</span> <span class='ocrx_word' id='word_1_71' title='bbox 1413 613 1589 668; x_wconf 87' lang='lat' dir='ltr'>Equites</span> <span class='ocrx_word' id='word_1_72' title='bbox 1619 613 1732 653; x_wconf 89' lang='lat' dir='ltr'>enim</span> 
     </span>
     <span class='ocr_line' id='line_1_10' title="bbox 354 669 1730 727; baseline -0.003 -15"><span class='ocrx_word' id='word_1_73' title='bbox 354 681 470 727; x_wconf 79' lang='lat' dir='ltr'>tergo</span> <span class='ocrx_word' id='word_1_74' title='bbox 491 672 784 712; x_wconf 87' lang='lat' dir='ltr'>inhaerebant:</span> <span class='ocrx_word' id='word_1_75' title='bbox 813 671 856 710; x_wconf 93' lang='lat' dir='ltr'>in</span> <span class='ocrx_word' id='word_1_76' title='bbox 878 680 1107 711; x_wconf 84' lang='lat' dir='ltr'>transversa</span> <span class='ocrx_word' id='word_1_77' title='bbox 1126 670 1254 710; x_wconf 88' lang='lat' dir='ltr'>latera</span> <span class='ocrx_word' id='word_1_78' title='bbox 1274 670 1508 710; x_wconf 87' lang='lat' dir='ltr'>invaserant</span> <span class='ocrx_word' id='word_1_79' title='bbox 1529 669 1730 716; x_wconf 86' lang='lat' dir='ltr'>cohortes,</span> 
     </span>
     <span class='ocr_line' id='line_1_11' title="bbox 354 725 1763 768; baseline -0.003 0"><span class='ocrx_word' id='word_1_80' title='bbox 354 728 546 768; x_wconf 88' lang='lat' dir='ltr'>secundis</span> <span class='ocrx_word' id='word_1_81' title='bbox 580 727 753 767; x_wconf 89' lang='lat' dir='ltr'>collibus</span> <span class='ocrx_word' id='word_1_82' title='bbox 780 727 845 766; x_wconf 90' lang='lat' dir='ltr'>via</span> <span class='ocrx_word' id='word_1_83' title='bbox 874 727 989 766; x_wconf 87' lang='lat' dir='ltr'>nuda</span> <span class='ocrx_word' id='word_1_84' title='bbox 1018 741 1064 766; x_wconf 91' lang='lat' dir='ltr'>ae</span> <span class='ocrx_word' id='word_1_85' title='bbox 1091 726 1201 766; x_wconf 83' lang='lat' dir='ltr'>facili</span> <span class='ocrx_word' id='word_1_86' title='bbox 1229 726 1507 766; x_wconf 83' lang='lat' dir='ltr'>decurrentes.</span> <span class='ocrx_word' id='word_1_87' title='bbox 1570 725 1763 765; x_wconf 82' lang='lat' dir='ltr'>Tamen5</span> 
     </span>
     <span class='ocr_line' id='line_1_12' title="bbox 355 781 1734 847; baseline -0.003 -23"><span class='ocrx_word' id='word_1_88' title='bbox 355 798 480 847; x_wconf 87' lang='lat' dir='ltr'>supra</span> <span class='ocrx_word' id='word_1_89' title='bbox 520 791 613 824; x_wconf 88' lang='lat' dir='ltr'>octo</span> <span class='ocrx_word' id='word_1_90' title='bbox 655 783 783 822; x_wconf 90' lang='lat' dir='ltr'>millia</span> <span class='ocrx_word' id='word_1_91' title='bbox 823 783 1040 823; x_wconf 90' lang='lat' dir='ltr'>hominum</span> <span class='ocrx_word' id='word_1_92' title='bbox 1081 782 1238 822; x_wconf 88' lang='lat' dir='ltr'>occisa:</span> <span class='ocrx_word' id='word_1_93' title='bbox 1286 797 1410 836; x_wconf 89' lang='lat' dir='ltr'>supra</span> <span class='ocrx_word' id='word_1_94' title='bbox 1449 781 1734 836; x_wconf 80' lang='lat' dir='ltr'>septingentos</span> 
     </span>
     <span class='ocr_line' id='line_1_13' title="bbox 355 837 1732 894; baseline -0.003 -14"><span class='ocrx_word' id='word_1_95' title='bbox 355 839 492 894; x_wconf 90' lang='lat' dir='ltr'>eapti:</span> <span class='ocrx_word' id='word_1_96' title='bbox 530 839 648 894; x_wconf 78' lang='lat' dir='ltr'>signa</span> <span class='ocrx_word' id='word_1_97' title='bbox 683 838 876 878; x_wconf 88' lang='lat' dir='ltr'>militaria</span> <span class='ocrx_word' id='word_1_98' title='bbox 909 852 1059 878; x_wconf 88' lang='lat' dir='ltr'>novem</span> <span class='ocrx_word' id='word_1_99' title='bbox 1092 838 1311 892; x_wconf 85' lang='lat' dir='ltr'>adempta:</span> <span class='ocrx_word' id='word_1_100' title='bbox 1350 837 1561 892; x_wconf 74' lang='lat' dir='ltr'>elephanti</span> <span class='ocrx_word' id='word_1_101' title='bbox 1593 837 1732 885; x_wconf 89' lang='lat' dir='ltr'>etiam,</span> 
     </span>
     <span class='ocr_line' id='line_1_14' title="bbox 357 872 1735 950; baseline -0.002 -15"><span class='ocrx_word' id='word_1_102' title='bbox 357 909 535 950; x_wconf 90' lang='lat' dir='ltr'>quorum</span> <span class='ocrx_word' id='word_1_103' title='bbox 565 872 708 935; x_wconf 90' lang='lat' dir='ltr'>nullus</span> <span class='ocrx_word' id='word_1_104' title='bbox 744 909 841 933; x_wconf 93' lang='lat' dir='ltr'>usus</span> <span class='ocrx_word' id='word_1_105' title='bbox 876 894 920 933; x_wconf 92' lang='lat' dir='ltr'>in</span> <span class='ocrx_word' id='word_1_106' title='bbox 955 894 1172 947; x_wconf 89' lang='lat' dir='ltr'>repentina</span> <span class='ocrx_word' id='word_1_107' title='bbox 1207 908 1254 933; x_wconf 88' lang='lat' dir='ltr'>ae</span> <span class='ocrx_word' id='word_1_108' title='bbox 1291 893 1482 933; x_wconf 89' lang='lat' dir='ltr'>tumultu</span> <span class='ocrx_word' id='word_1_109' title='bbox 1476 893 1560 932; x_wconf 71' lang='lat' dir='ltr'>tria</span> <span class='ocrx_word' id='word_1_110' title='bbox 1592 907 1735 947; x_wconf 85' lang='lat' dir='ltr'>puo·na</span> 
     </span>
     <span class='ocr_line' id='line_1_15' title="bbox 354 949 1734 1004; baseline -0.001 -14"><span class='ocrx_word' id='word_1_111' title='bbox 354 952 500 999; x_wconf 89' lang='lat' dir='ltr'>fuerat,</span> <span class='ocrx_word' id='word_1_112' title='bbox 523 958 720 1004; x_wconf 87' lang='lat' dir='ltr'>quattuor</span> <span class='ocrx_word' id='word_1_113' title='bbox 749 950 885 997; x_wconf 86' lang='lat' dir='ltr'>occisi,</span> <span class='ocrx_word' id='word_1_114' title='bbox 911 949 994 989; x_wconf 92' lang='lat' dir='ltr'>duo</span> <span class='ocrx_word' id='word_1_115' title='bbox 1025 949 1147 1003; x_wconf 87' lang='lat' dir='ltr'>eapti.</span> <span class='ocrx_word' id='word_1_116' title='bbox 1212 949 1335 990; x_wconf 90' lang='lat' dir='ltr'>Circa</span> <span class='ocrx_word' id='word_1_117' title='bbox 1364 949 1614 1004; x_wconf 79' lang='lat' dir='ltr'>quingentos</span> <span class='ocrx_word' id='word_1_118' title='bbox 1646 949 1734 989; x_wconf 87' lang='lat' dir='ltr'>Ro-</span> 
     </span>
     <span class='ocr_line' id='line_1_16' title="bbox 356 1004 1766 1059; baseline -0.001 -14"><span class='ocrx_word' id='word_1_119' title='bbox 356 1020 573 1046; x_wconf 88' lang='lat' dir='ltr'>manorum</span> <span class='ocrx_word' id='word_1_120' title='bbox 608 1005 898 1059; x_wconf 83' lang='lat' dir='ltr'>sociorumque</span> <span class='ocrx_word' id='word_1_121' title='bbox 933 1005 1108 1044; x_wconf 86' lang='lat' dir='ltr'>victores</span> <span class='ocrx_word' id='word_1_122' title='bbox 1143 1005 1395 1045; x_wconf 87' lang='lat' dir='ltr'>ceciderunt.</span> <span class='ocrx_word' id='word_1_123' title='bbox 1457 1005 1629 1044; x_wconf 92' lang='lat' dir='ltr'>Postero</span> <span class='ocrx_word' id='word_1_124' title='bbox 1665 1004 1766 1044; x_wconf 88' lang='lat' dir='ltr'>die6</span> 
     </span>
     <span class='ocr_line' id='line_1_17' title="bbox 357 1060 1735 1115; baseline -0.001 -14"><span class='ocrx_word' id='word_1_125' title='bbox 357 1062 524 1101; x_wconf 90' lang='lat' dir='ltr'>Poenus</span> <span class='ocrx_word' id='word_1_126' title='bbox 552 1061 723 1115; x_wconf 83' lang='lat' dir='ltr'>quievit.</span> <span class='ocrx_word' id='word_1_127' title='bbox 788 1060 1016 1108; x_wconf 85' lang='lat' dir='ltr'>Romanus,</span> <span class='ocrx_word' id='word_1_128' title='bbox 1039 1061 1082 1099; x_wconf 88' lang='grc'>111</span> <span class='ocrx_word' id='word_1_129' title='bbox 1111 1060 1240 1100; x_wconf 85' lang='lat' dir='ltr'>aciem</span> <span class='ocrx_word' id='word_1_130' title='bbox 1269 1061 1399 1115; x_wconf 88' lang='lat' dir='ltr'>copiis</span> <span class='ocrx_word' id='word_1_131' title='bbox 1428 1060 1602 1108; x_wconf 84' lang='lat' dir='ltr'>eductis,</span> <span class='ocrx_word' id='word_1_132' title='bbox 1622 1068 1735 1114; x_wconf 90' lang='lat' dir='ltr'>post-</span> 
     </span>
     <span class='ocr_line' id='line_1_18' title="bbox 357 1115 1735 1172; baseline -0.001 -15"><span class='ocrx_word' id='word_1_133' title='bbox 357 1132 482 1172; x_wconf 86' lang='lat' dir='ltr'>quam</span> <span class='ocrx_word' id='word_1_134' title='bbox 503 1117 715 1156; x_wconf 88' lang='lat' dir='ltr'>neminem</span> <span class='ocrx_word' id='word_1_135' title='bbox 736 1115 854 1170; x_wconf 83' lang='lat' dir='ltr'>signa</span> <span class='ocrx_word' id='word_1_136' title='bbox 873 1124 1016 1156; x_wconf 87' lang='lat' dir='ltr'>contra</span> <span class='ocrx_word' id='word_1_137' title='bbox 1037 1116 1182 1155; x_wconf 86' lang='lat' dir='ltr'>efferre</span> <span class='ocrx_word' id='word_1_138' title='bbox 1202 1116 1319 1165; x_wconf 90' lang='lat' dir='ltr'>vidit,</span> <span class='ocrx_word' id='word_1_139' title='bbox 1341 1115 1471 1170; x_wconf 87' lang='lat' dir='ltr'>spolia</span> <span class='ocrx_word' id='word_1_140' title='bbox 1494 1115 1576 1170; x_wconf 84' lang='lat' dir='ltr'>legi</span> <span class='ocrx_word' id='word_1_141' title='bbox 1597 1130 1735 1156; x_wconf 88' lang='lat' dir='ltr'>caeso-</span> 
     </span>
     <span class='ocr_line' id='line_1_19' title="bbox 357 1171 1735 1235; baseline -0.001 -23"><span class='ocrx_word' id='word_1_142' title='bbox 357 1188 448 1212; x_wconf 89' lang='lat' dir='ltr'>rum</span> <span class='ocrx_word' id='word_1_143' title='bbox 476 1172 672 1220; x_wconf 83' lang='lat' dir='ltr'>hostium,</span> <span class='ocrx_word' id='word_1_144' title='bbox 695 1180 737 1212; x_wconf 91' lang='lat' dir='ltr'>et</span> <span class='ocrx_word' id='word_1_145' title='bbox 764 1186 932 1211; x_wconf 91' lang='lat' dir='ltr'>suorum</span> <span class='ocrx_word' id='word_1_146' title='bbox 961 1186 1133 1235; x_wconf 80' lang='lat' dir='ltr'>corpora</span> <span class='ocrx_word' id='word_1_147' title='bbox 1159 1171 1307 1211; x_wconf 89' lang='lat' dir='ltr'>collata</span> <span class='ocrx_word' id='word_1_148' title='bbox 1337 1172 1379 1210; x_wconf 93' lang='lat' dir='ltr'>in</span> <span class='ocrx_word' id='word_1_149' title='bbox 1410 1186 1542 1211; x_wconf 88' lang='lat' dir='ltr'>unum</span> <span class='ocrx_word' id='word_1_150' title='bbox 1571 1171 1735 1234; x_wconf 80' lang='lat' dir='ltr'>sepeliri</span> 
     </span>
     <span class='ocr_line' id='line_1_20' title="bbox 356 1227 1735 1282; baseline -0.001 -14"><span class='ocrx_word' id='word_1_151' title='bbox 356 1229 485 1268; x_wconf 89' lang='lat' dir='ltr'>iussit.</span> <span class='ocrx_word' id='word_1_152' title='bbox 548 1228 654 1268; x_wconf 88' lang='lat' dir='ltr'>Inde</span> <span class='ocrx_word' id='word_1_153' title='bbox 682 1228 998 1282; x_wconf 85' lang='lat' dir='ltr'>insequentibus</span> <span class='ocrx_word' id='word_1_154' title='bbox 1019 1227 1228 1267; x_wconf 83' lang='lat' dir='ltr'>continuis</span> <span class='ocrx_word' id='word_1_155' title='bbox 1248 1227 1394 1267; x_wconf 86' lang='lat' dir='ltr'>diebus</span> <span class='ocrx_word' id='word_1_156' title='bbox 1415 1227 1574 1281; x_wconf 86' lang='lat' dir='ltr'>aliquot</span> <span class='ocrx_word' id='word_1_157' title='bbox 1594 1227 1652 1267; x_wconf 89' lang='lat' dir='ltr'>ita</span> <span class='ocrx_word' id='word_1_158' title='bbox 1671 1242 1735 1266; x_wconf 90' lang='lat' dir='ltr'>m-</span> 
     </span>
     <span class='ocr_line' id='line_1_21' title="bbox 357 1282 1736 1339; baseline -0.001 -15"><span class='ocrx_word' id='word_1_159' title='bbox 357 1285 460 1325; x_wconf 90' lang='lat' dir='ltr'>stitit</span> <span class='ocrx_word' id='word_1_160' title='bbox 479 1285 621 1339; x_wconf 89' lang='lat' dir='ltr'>portis,</span> <span class='ocrx_word' id='word_1_161' title='bbox 643 1291 691 1324; x_wconf 88' lang='lat' dir='ltr'>ut</span> <span class='ocrx_word' id='word_1_162' title='bbox 718 1298 846 1338; x_wconf 90' lang='lat' dir='ltr'>prope</span> <span class='ocrx_word' id='word_1_163' title='bbox 874 1283 980 1323; x_wconf 88' lang='lat' dir='ltr'>1nfe1</span> <span class='ocrx_word' id='word_1_164' title='bbox 983 1298 1025 1323; x_wconf 87' lang='lat' dir='ltr'>re</span> <span class='ocrx_word' id='word_1_165' title='bbox 1054 1283 1172 1337; x_wconf 84' lang='lat' dir='ltr'>signa</span> <span class='ocrx_word' id='word_1_166' title='bbox 1190 1282 1426 1323; x_wconf 87' lang='lat' dir='ltr'>videretur.</span> <span class='ocrx_word' id='word_1_167' title='bbox 1460 1283 1594 1323; x_wconf 89' lang='lat' dir='ltr'>donee</span> <span class='ocrx_word' id='word_1_168' title='bbox 1617 1282 1736 1323; x_wconf 90' lang='lat' dir='ltr'>Han-</span> 
     </span>
     <span class='ocr_line' id='line_1_22' title="bbox 357 1339 1768 1394; baseline -0.001 -14"><span class='ocrx_word' id='word_1_169' title='bbox 357 1340 470 1381; x_wconf 84' lang='lat' dir='ltr'>nibal</span> <span class='ocrx_word' id='word_1_170' title='bbox 504 1340 625 1380; x_wconf 88' lang='lat' dir='ltr'>tertia</span> <span class='ocrx_word' id='word_1_171' title='bbox 655 1339 808 1394; x_wconf 82' lang='lat' dir='ltr'>vigilia,</span> <span class='ocrx_word' id='word_1_172' title='bbox 840 1339 993 1379; x_wconf 71' lang='lat' dir='ltr'>crebiis</span> <span class='ocrx_word' id='word_1_173' title='bbox 1024 1339 1189 1394; x_wconf 83' lang='lat' dir='ltr'>ignibus</span> <span class='ocrx_word' id='word_1_174' title='bbox 1225 1339 1597 1393; x_wconf 81' lang='lat' dir='ltr'>tabernaculisque,</span> <span class='ocrx_word' id='word_1_175' title='bbox 1629 1351 1768 1394; x_wconf 88' lang='lat' dir='ltr'>quae7</span> 
     </span>
     <span class='ocr_line' id='line_1_23' title="bbox 357 1394 1736 1460; baseline -0.001 -24"><span class='ocrx_word' id='word_1_176' title='bbox 357 1411 450 1460; x_wconf 86' lang='lat' dir='ltr'>pars</span> <span class='ocrx_word' id='word_1_177' title='bbox 478 1406 704 1436; x_wconf 88' lang='lat' dir='ltr'>castrorum</span> <span class='ocrx_word' id='word_1_178' title='bbox 732 1395 786 1435; x_wconf 92' lang='lat' dir='ltr'>ad</span> <span class='ocrx_word' id='word_1_179' title='bbox 814 1394 953 1435; x_wconf 88' lang='lat' dir='ltr'>hostes</span> <span class='ocrx_word' id='word_1_180' title='bbox 973 1395 1182 1449; x_wconf 81' lang='lat' dir='ltr'>vergebat,</span> <span class='ocrx_word' id='word_1_181' title='bbox 1204 1404 1247 1435; x_wconf 90' lang='lat' dir='ltr'>et</span> <span class='ocrx_word' id='word_1_182' title='bbox 1268 1395 1466 1435; x_wconf 88' lang='lat' dir='ltr'>Numidis</span> <span class='ocrx_word' id='word_1_183' title='bbox 1486 1395 1640 1450; x_wconf 83' lang='lat' dir='ltr'>paucis,</span> <span class='ocrx_word' id='word_1_184' title='bbox 1663 1395 1736 1450; x_wconf 90' lang='lat' dir='ltr'>qui</span> 
     </span>
     <span class='ocr_line' id='line_1_24' title="bbox 358 1451 1735 1506; baseline -0.001 -14"><span class='ocrx_word' id='word_1_185' title='bbox 358 1453 401 1492; x_wconf 92' lang='lat' dir='ltr'>in</span> <span class='ocrx_word' id='word_1_186' title='bbox 418 1452 525 1492; x_wconf 85' lang='lat' dir='ltr'>vallo</span> <span class='ocrx_word' id='word_1_187' title='bbox 541 1452 752 1506; x_wconf 89' lang='lat' dir='ltr'>portisque</span> <span class='ocrx_word' id='word_1_188' title='bbox 769 1466 812 1491; x_wconf 88' lang='lat' dir='ltr'>se</span> <span class='ocrx_word' id='word_1_189' title='bbox 829 1451 1113 1500; x_wconf 85' lang='lat' dir='ltr'>ostenderent,</span> <span class='ocrx_word' id='word_1_190' title='bbox 1131 1451 1296 1500; x_wconf 88' lang='lat' dir='ltr'>relictis,</span> <span class='ocrx_word' id='word_1_191' title='bbox 1313 1451 1522 1506; x_wconf 88' lang='lat' dir='ltr'>profectus</span> <span class='ocrx_word' id='word_1_192' title='bbox 1537 1451 1735 1506; x_wconf 88' lang='lat' dir='ltr'>Apuliam</span> 
     </span>
     <span class='ocr_line' id='line_1_25' title="bbox 358 1507 1733 1562; baseline -0.001 -14"><span class='ocrx_word' id='word_1_193' title='bbox 358 1516 499 1562; x_wconf 87' lang='lat' dir='ltr'>petere</span> <span class='ocrx_word' id='word_1_194' title='bbox 521 1508 712 1548; x_wconf 88' lang='lat' dir='ltr'>intendit.</span> <span class='ocrx_word' id='word_1_195' title='bbox 776 1507 862 1548; x_wconf 90' lang='lat' dir='ltr'>Ubi</span> <span class='ocrx_word' id='word_1_196' title='bbox 887 1507 1037 1556; x_wconf 83' lang='lat' dir='ltr'>illuxit,</span> <span class='ocrx_word' id='word_1_197' title='bbox 1060 1508 1256 1548; x_wconf 89' lang='lat' dir='ltr'>successit</span> <span class='ocrx_word' id='word_1_198' title='bbox 1274 1507 1382 1548; x_wconf 88' lang='lat' dir='ltr'>vallo</span> <span class='ocrx_word' id='word_1_199' title='bbox 1403 1508 1594 1548; x_wconf 82' lang='lat' dir='ltr'>Romana</span> <span class='ocrx_word' id='word_1_200' title='bbox 1614 1507 1733 1548; x_wconf 88' lang='lat' dir='ltr'>acies.</span> 
     </span>
     <span class='ocr_line' id='line_1_26' title="bbox 361 1563 1735 1618; baseline 0 -15"><span class='ocrx_word' id='word_1_201' title='bbox 361 1564 417 1603; x_wconf 85' lang='lat' dir='ltr'>Et</span> <span class='ocrx_word' id='word_1_202' title='bbox 439 1563 650 1604; x_wconf 87' lang='lat' dir='ltr'>Numidae</span> <span class='ocrx_word' id='word_1_203' title='bbox 672 1579 725 1604; x_wconf 84' lang='lat' dir='ltr'>ex</span> <span class='ocrx_word' id='word_1_204' title='bbox 750 1564 979 1618; x_wconf 88' lang='lat' dir='ltr'>composito</span> <span class='ocrx_word' id='word_1_205' title='bbox 1006 1563 1267 1618; x_wconf 88' lang='lat' dir='ltr'>paullisper</span> <span class='ocrx_word' id='word_1_206' title='bbox 1258 1579 1301 1603; x_wconf 89' lang='grc'>111</span> <span class='ocrx_word' id='word_1_207' title='bbox 1328 1564 1457 1618; x_wconf 89' lang='lat' dir='ltr'>p01tis</span> <span class='ocrx_word' id='word_1_208' title='bbox 1481 1578 1523 1604; x_wconf 89' lang='lat' dir='ltr'>se</span> <span class='ocrx_word' id='word_1_209' title='bbox 1543 1563 1735 1618; x_wconf 85' lang='lat' dir='ltr'>valloque</span> 
     </span>
     <span class='ocr_line' id='line_1_27' title="bbox 360 1619 1737 1674; baseline 0 -15"><span class='ocrx_word' id='word_1_210' title='bbox 360 1627 642 1659; x_wconf 83' lang='lat' dir='ltr'>ostentavere.</span> <span class='ocrx_word' id='word_1_211' title='bbox 686 1620 953 1673; x_wconf 81' lang='lat' dir='ltr'>frustlatique</span> <span class='ocrx_word' id='word_1_212' title='bbox 985 1620 1241 1674; x_wconf 89' lang='lat' dir='ltr'>aliquamdiu</span> <span class='ocrx_word' id='word_1_213' title='bbox 1271 1620 1423 1667; x_wconf 89' lang='lat' dir='ltr'>hostes,</span> <span class='ocrx_word' id='word_1_214' title='bbox 1455 1619 1589 1660; x_wconf 89' lang='lat' dir='ltr'>citatis</span> <span class='ocrx_word' id='word_1_215' title='bbox 1618 1619 1737 1674; x_wconf 91' lang='lat' dir='ltr'>equis</span> 
     </span>
     <span class='ocr_line' id='line_1_28' title="bbox 360 1675 1736 1729; baseline 0.001 -15"><span class='ocrx_word' id='word_1_216' title='bbox 360 1689 509 1729; x_wconf 80' lang='lat' dir='ltr'>agmen</span> <span class='ocrx_word' id='word_1_217' title='bbox 549 1689 716 1714; x_wconf 90' lang='lat' dir='ltr'>suorum</span> <span class='ocrx_word' id='word_1_218' title='bbox 756 1683 1044 1729; x_wconf 88' lang='lat' dir='ltr'>assequuntur.</span> <span class='ocrx_word' id='word_1_219' title='bbox 1120 1675 1293 1723; x_wconf 88' lang='lat' dir='ltr'>Consul,</span> <span class='ocrx_word' id='word_1_220' title='bbox 1330 1676 1401 1715; x_wconf 86' lang='lat' dir='ltr'>ubi</span> <span class='ocrx_word' id='word_1_221' title='bbox 1442 1675 1652 1716; x_wconf 89' lang='lat' dir='ltr'>silentium</span> <span class='ocrx_word' id='word_1_222' title='bbox 1692 1675 1736 1715; x_wconf 89' lang='lat' dir='ltr'>in</span> 
     </span>
     <span class='ocr_line' id='line_1_29' title="bbox 360 1730 1737 1785; baseline 0.001 -15"><span class='ocrx_word' id='word_1_223' title='bbox 360 1731 514 1779; x_wconf 88' lang='lat' dir='ltr'>eastris,</span> <span class='ocrx_word' id='word_1_224' title='bbox 546 1739 589 1770; x_wconf 90' lang='lat' dir='ltr'>et</span> <span class='ocrx_word' id='word_1_225' title='bbox 618 1745 670 1770; x_wconf 90' lang='lat' dir='ltr'>ne</span> <span class='ocrx_word' id='word_1_226' title='bbox 701 1745 854 1785; x_wconf 89' lang='lat' dir='ltr'>paucos</span> <span class='ocrx_word' id='word_1_227' title='bbox 884 1730 1068 1784; x_wconf 86' lang='lat' dir='ltr'>quidem,</span> <span class='ocrx_word' id='word_1_228' title='bbox 1100 1731 1173 1785; x_wconf 89' lang='lat' dir='ltr'>qui</span> <span class='ocrx_word' id='word_1_229' title='bbox 1203 1731 1336 1784; x_wconf 89' lang='lat' dir='ltr'>prima</span> <span class='ocrx_word' id='word_1_230' title='bbox 1370 1731 1461 1771; x_wconf 90' lang='lat' dir='ltr'>luce</span> <span class='ocrx_word' id='word_1_231' title='bbox 1498 1730 1737 1771; x_wconf 85' lang='lat' dir='ltr'>obambula-</span> 
     </span>
     <span class='ocr_line' id='line_1_30' title="bbox 360 1786 1737 1841; baseline 0 -15"><span class='ocrx_word' id='word_1_232' title='bbox 360 1794 515 1835; x_wconf 88' lang='lat' dir='ltr'>verant,</span> <span class='ocrx_word' id='word_1_233' title='bbox 537 1794 652 1840; x_wconf 86' lang='lat' dir='ltr'>parte</span> <span class='ocrx_word' id='word_1_234' title='bbox 674 1786 758 1826; x_wconf 86' lang='lat' dir='ltr'>ulla</span> <span class='ocrx_word' id='word_1_235' title='bbox 778 1787 986 1834; x_wconf 86' lang='lat' dir='ltr'>cernebat,</span> <span class='ocrx_word' id='word_1_236' title='bbox 1003 1786 1165 1826; x_wconf 88' lang='lat' dir='ltr'>duobus</span> <span class='ocrx_word' id='word_1_237' title='bbox 1185 1787 1393 1840; x_wconf 87' lang='lat' dir='ltr'>equitibus</span> <span class='ocrx_word' id='word_1_238' title='bbox 1414 1787 1671 1841; x_wconf 85' lang='lat' dir='ltr'>speculatum</span> <span class='ocrx_word' id='word_1_239' title='bbox 1693 1787 1737 1826; x_wconf 91' lang='lat' dir='ltr'>in</span> 
     </span>
     <span class='ocr_line' id='line_1_31' title="bbox 360 1842 1736 1905; baseline 0 -24"><span class='ocrx_word' id='word_1_240' title='bbox 360 1850 492 1882; x_wconf 85' lang='lat' dir='ltr'>castra</span> <span class='ocrx_word' id='word_1_241' title='bbox 522 1842 768 1896; x_wconf 88' lang='lat' dir='ltr'>praemissis,</span> <span class='ocrx_word' id='word_1_242' title='bbox 798 1850 1023 1905; x_wconf 82' lang='lat' dir='ltr'>postquam</span> <span class='ocrx_word' id='word_1_243' title='bbox 1057 1842 1154 1882; x_wconf 91' lang='lat' dir='ltr'>satis</span> <span class='ocrx_word' id='word_1_244' title='bbox 1190 1850 1279 1881; x_wconf 89' lang='lat' dir='ltr'>tuta</span> <span class='ocrx_word' id='word_1_245' title='bbox 1310 1843 1450 1882; x_wconf 89' lang='lat' dir='ltr'>omnia</span> <span class='ocrx_word' id='word_1_246' title='bbox 1476 1857 1562 1882; x_wconf 89' lang='lat' dir='ltr'>esse</span> <span class='ocrx_word' id='word_1_247' title='bbox 1591 1842 1736 1896; x_wconf 83' lang='lat' dir='ltr'>explo-</span> 
     </span>
     <span class='ocr_line' id='line_1_32' title="bbox 360 1897 1735 1952; baseline 0 -15"><span class='ocrx_word' id='word_1_248' title='bbox 360 1906 496 1938; x_wconf 77' lang='lat' dir='ltr'>latum</span> <span class='ocrx_word' id='word_1_249' title='bbox 517 1905 591 1945; x_wconf 85' lang='lat' dir='ltr'>est,</span> <span class='ocrx_word' id='word_1_250' title='bbox 613 1897 755 1937; x_wconf 88' lang='lat' dir='ltr'>inferri</span> <span class='ocrx_word' id='word_1_251' title='bbox 776 1898 893 1951; x_wconf 80' lang='lat' dir='ltr'>signa</span> <span class='ocrx_word' id='word_1_252' title='bbox 912 1898 1051 1937; x_wconf 88' lang='lat' dir='ltr'>iussit:</span> <span class='ocrx_word' id='word_1_253' title='bbox 1076 1905 1321 1952; x_wconf 85' lang='lat' dir='ltr'>tantumque</span> <span class='ocrx_word' id='word_1_254' title='bbox 1343 1898 1399 1937; x_wconf 83' lang='lat' dir='ltr'>ibi</span> <span class='ocrx_word' id='word_1_255' title='bbox 1422 1906 1617 1946; x_wconf 83' lang='lat' dir='ltr'>moratus,</span> <span class='ocrx_word' id='word_1_256' title='bbox 1634 1898 1735 1937; x_wconf 89' lang='lat' dir='ltr'>dum</span> 
     </span>
     <span class='ocr_line' id='line_1_33' title="bbox 360 1953 1734 2008; baseline 0.001 -16"><span class='ocrx_word' id='word_1_257' title='bbox 360 1954 512 1993; x_wconf 87' lang='lat' dir='ltr'>milites</span> <span class='ocrx_word' id='word_1_258' title='bbox 551 1953 604 1992; x_wconf 86' lang='lat' dir='ltr'>ad</span> <span class='ocrx_word' id='word_1_259' title='bbox 644 1953 840 2007; x_wconf 89' lang='lat' dir='ltr'>praedam</span> <span class='ocrx_word' id='word_1_260' title='bbox 876 1953 1125 2001; x_wconf 84' lang='lat' dir='ltr'>discurrunt,</span> <span class='ocrx_word' id='word_1_261' title='bbox 1162 1954 1347 2008; x_wconf 85' lang='lat' dir='ltr'>receptui</span> <span class='ocrx_word' id='word_1_262' title='bbox 1383 1953 1535 1993; x_wconf 86' lang='lat' dir='ltr'>deinde</span> <span class='ocrx_word' id='word_1_263' title='bbox 1572 1954 1734 2002; x_wconf 87' lang='lat' dir='ltr'>cecinit,</span> 
     </span>
     <span class='ocr_line' id='line_1_34' title="bbox 361 2008 1737 2063; baseline 0 -15"><span class='ocrx_word' id='word_1_264' title='bbox 361 2009 575 2062; x_wconf 86' lang='lat' dir='ltr'>multoque</span> <span class='ocrx_word' id='word_1_265' title='bbox 603 2017 698 2048; x_wconf 87' lang='lat' dir='ltr'>ante</span> <span class='ocrx_word' id='word_1_266' title='bbox 727 2017 892 2048; x_wconf 84' lang='lat' dir='ltr'>noctem</span> <span class='ocrx_word' id='word_1_267' title='bbox 920 2009 1058 2062; x_wconf 85' lang='lat' dir='ltr'>copias</span> <span class='ocrx_word' id='word_1_268' title='bbox 1082 2008 1260 2048; x_wconf 81' lang='lat' dir='ltr'>leduxit.</span> <span class='ocrx_word' id='word_1_269' title='bbox 1322 2009 1493 2049; x_wconf 87' lang='lat' dir='ltr'>Postero</span> <span class='ocrx_word' id='word_1_270' title='bbox 1515 2009 1582 2049; x_wconf 88' lang='lat' dir='ltr'>die</span> <span class='ocrx_word' id='word_1_271' title='bbox 1603 2009 1737 2063; x_wconf 86' lang='lat' dir='ltr'>prima</span> 
     </span>
     <span class='ocr_line' id='line_1_35' title="bbox 360 2064 1738 2119; baseline 0.001 -17"><span class='ocrx_word' id='word_1_272' title='bbox 360 2064 452 2103; x_wconf 84' lang='lat' dir='ltr'>luce</span> <span class='ocrx_word' id='word_1_273' title='bbox 474 2064 694 2118; x_wconf 88' lang='lat' dir='ltr'>profectus,</span> <span class='ocrx_word' id='word_1_274' title='bbox 717 2064 877 2118; x_wconf 80' lang='lat' dir='ltr'>magnis</span> <span class='ocrx_word' id='word_1_275' title='bbox 898 2064 1116 2104; x_wconf 88' lang='lat' dir='ltr'>itineribus</span> <span class='ocrx_word' id='word_1_276' title='bbox 1137 2064 1287 2104; x_wconf 72' lang='lat' dir='ltr'>tamam</span> <span class='ocrx_word' id='word_1_277' title='bbox 1309 2072 1351 2104; x_wconf 90' lang='lat' dir='ltr'>et</span> <span class='ocrx_word' id='word_1_278' title='bbox 1370 2064 1573 2118; x_wconf 79' lang='lat' dir='ltr'>vestigia</span> <span class='ocrx_word' id='word_1_279' title='bbox 1561 2064 1738 2119; x_wconf 83' lang='lat' dir='ltr'>agminis</span> 
     </span>
     <span class='ocr_line' id='line_1_36' title="bbox 360 2119 1737 2176; baseline 0.001 -17"><span class='ocrx_word' id='word_1_280' title='bbox 360 2134 549 2174; x_wconf 84' lang='lat' dir='ltr'>sequens,</span> <span class='ocrx_word' id='word_1_281' title='bbox 591 2119 702 2160; x_wconf 89' lang='lat' dir='ltr'>haud</span> <span class='ocrx_word' id='word_1_282' title='bbox 742 2119 887 2176; x_wconf 89' lang='lat' dir='ltr'>procul</span> <span class='ocrx_word' id='word_1_283' title='bbox 928 2119 1115 2161; x_wconf 86' lang='lat' dir='ltr'>Venusia</span> <span class='ocrx_word' id='word_1_284' title='bbox 1153 2120 1315 2160; x_wconf 89' lang='lat' dir='ltr'>hostem</span> <span class='ocrx_word' id='word_1_285' title='bbox 1356 2120 1595 2174; x_wconf 89' lang='lat' dir='ltr'>assequitur.</span> <span class='ocrx_word' id='word_1_286' title='bbox 1671 2119 1737 2160; x_wconf 90' lang='lat' dir='ltr'>Ibi</span> 
     </span>
    </p>
   </div>
   <div class='ocr_carea' id='block_1_3' title="bbox 359 2280 1029 2768">
    <p class='ocr_par' dir='ltr' id='par_1_4' title="bbox 359 2280 1027 2440">
     <span class='ocr_line' id='line_1_37' title="bbox 404 2280 1027 2318; baseline 0.002 -10"><span class='ocrx_word' id='word_1_287' title='bbox 404 2288 421 2317; x_wconf 87' lang='lat'><strong>3</strong></span> <span class='ocrx_word' id='word_1_288' title='bbox 444 2280 491 2308; x_wconf 78' lang='lat' dir='ltr'>Ni</span> <span class='ocrx_word' id='word_1_289' title='bbox 519 2280 691 2309; x_wconf 75' lang='lat' dir='ltr'>cohortium</span> <span class='ocrx_word' id='word_1_290' title='bbox 721 2290 759 2310; x_wconf 77' lang='lat' dir='ltr'>ac</span> <span class='ocrx_word' id='word_1_291' title='bbox 789 2281 1027 2318; x_wconf 74' lang='lat' dir='ltr'>manipulorum</span> 
     </span>
     <span class='ocr_line' id='line_1_38' title="bbox 359 2321 1026 2358; baseline 0.001 -9"><span class='ocrx_word' id='word_1_292' title='bbox 359 2322 612 2358; x_wconf 75' lang='lat' dir='ltr'>decurrentium]</span> <span class='ocrx_word' id='word_1_293' title='bbox 651 2321 919 2351; x_wconf 84' lang='lat' dir='ltr'>Emendationem</span> <span class='ocrx_word' id='word_1_294' title='bbox 948 2321 1026 2350; x_wconf 89' lang='lat' dir='ltr'>Gro-</span> 
     </span>
     <span class='ocr_line' id='line_1_39' title="bbox 360 2361 1026 2400; baseline 0.005 -11"><span class='ocrx_word' id='word_1_295' title='bbox 360 2361 446 2390; x_wconf 90' lang='lat' dir='ltr'>novii</span> <span class='ocrx_word' id='word_1_296' title='bbox 468 2363 503 2390; x_wconf 80' lang='lat' dir='ltr'>m&#39;</span> <span class='ocrx_word' id='word_1_297' title='bbox 527 2363 570 2390; x_wconf 81' lang='lat' dir='ltr'>ad</span> <span class='ocrx_word' id='word_1_298' title='bbox 593 2362 766 2391; x_wconf 79' lang='lat' dir='ltr'>cohortium</span> <span class='ocrx_word' id='word_1_299' title='bbox 790 2371 827 2391; x_wconf 77' lang='lat' dir='ltr'>ac</span> <span class='ocrx_word' id='word_1_300' title='bbox 849 2363 1026 2400; x_wconf 77' lang='lat' dir='ltr'>manipulo-</span> 
     </span>
     <span class='ocr_line' id='line_1_40' title="bbox 359 2402 928 2440; baseline 0.002 -9"><span class='ocrx_word' id='word_1_301' title='bbox 359 2413 430 2431; x_wconf 69' lang='lat' dir='ltr'>rum</span> <span class='ocrx_word' id='word_1_302' title='bbox 447 2403 614 2432; x_wconf 74' lang='lat' dir='ltr'>decursum</span> <span class='ocrx_word' id='word_1_303' title='bbox 631 2402 772 2440; x_wconf 82' lang='lat' dir='ltr'>reposuit</span> <span class='ocrx_word' id='word_1_304' title='bbox 789 2403 928 2433; x_wconf 85' lang='lat' dir='ltr'>Bekker.</span> 
     </span>
    </p>

    <p class='ocr_par' dir='ltr' id='par_1_5' title="bbox 360 2445 1029 2683">
     <span class='ocr_line' id='line_1_41' title="bbox 409 2445 1024 2481; baseline 0.003 -9"><span class='ocrx_word' id='word_1_305' title='bbox 409 2455 427 2480; x_wconf 79' lang='lat'><em>4</em></span> <span class='ocrx_word' id='word_1_306' title='bbox 451 2446 503 2473; x_wconf 82' lang='lat' dir='ltr'>Ne</span> <span class='ocrx_word' id='word_1_307' title='bbox 528 2445 821 2474; x_wconf 73' lang='lat' dir='ltr'>intercluderentur</span> <span class='ocrx_word' id='word_1_308' title='bbox 847 2455 867 2473; x_wconf 83' lang='grc' dir='ltr'>(ι</span> <span class='ocrx_word' id='word_1_309' title='bbox 896 2445 1024 2481; x_wconf 74' lang='lat' dir='ltr'>eastris]</span> 
     </span>
     <span class='ocr_line' id='line_1_42' title="bbox 362 2484 1028 2522; baseline 0.003 -9"><span class='ocrx_word' id='word_1_310' title='bbox 362 2484 561 2513; x_wconf 78' lang='lat' dir='ltr'>Gronovium</span> <span class='ocrx_word' id='word_1_311' title='bbox 592 2484 644 2513; x_wconf 89' lang='lat' dir='ltr'>hic</span> <span class='ocrx_word' id='word_1_312' title='bbox 668 2494 795 2522; x_wconf 87' lang='lat' dir='ltr'>quoque</span> <span class='ocrx_word' id='word_1_313' title='bbox 824 2489 952 2514; x_wconf 86' lang='lat' dir='ltr'>secutus</span> <span class='ocrx_word' id='word_1_314' title='bbox 981 2490 1028 2515; x_wconf 76' lang='lat' dir='ltr'>est</span> 
     </span>
     <span class='ocr_line' id='line_1_43' title="bbox 362 2525 1029 2563; baseline 0.003 -10"><span class='ocrx_word' id='word_1_315' title='bbox 362 2525 539 2563; x_wconf 64' lang='lat' dir='ltr'>Bckk.,qui</span> <span class='ocrx_word' id='word_1_316' title='bbox 555 2535 595 2555; x_wconf 75' lang='lat' dir='ltr'>ne</span> <span class='ocrx_word' id='word_1_317' title='bbox 609 2527 901 2556; x_wconf 72' lang='lat' dir='ltr'>intereluderentur</span> <span class='ocrx_word' id='word_1_318' title='bbox 916 2528 1029 2556; x_wconf 64' lang='lat' dir='ltr'>eastris</span> 
     </span>
     <span class='ocr_line' id='line_1_44' title="bbox 360 2566 1027 2597; baseline 0.004 -4"><span class='ocrx_word' id='word_1_319' title='bbox 360 2566 477 2595; x_wconf 83' lang='lat' dir='ltr'>scribit.</span> <span class='ocrx_word' id='word_1_320' title='bbox 524 2566 805 2596; x_wconf 83' lang='lat' dir='ltr'>Drakenborchius</span> <span class='ocrx_word' id='word_1_321' title='bbox 821 2567 947 2597; x_wconf 85' lang='lat' dir='ltr'>Livium</span> <span class='ocrx_word' id='word_1_322' title='bbox 971 2568 1027 2596; x_wconf 81' lang='lat' dir='ltr'>ali-</span> 
     </span>
     <span class='ocr_line' id='line_1_45' title="bbox 360 2608 1026 2645; baseline 0.008 -12"><span class='ocrx_word' id='word_1_323' title='bbox 360 2608 488 2643; x_wconf 69' lang='lat' dir='ltr'>quando</span> <span class='ocrx_word' id='word_1_324' title='bbox 511 2608 777 2645; x_wconf 78' lang='lat' dir='ltr'>praepositionem</span> <span class='ocrx_word' id='word_1_325' title='bbox 793 2608 946 2645; x_wconf 87' lang='lat' dir='ltr'>omisisse,</span> <span class='ocrx_word' id='word_1_326' title='bbox 962 2618 1026 2638; x_wconf 79' lang='lat' dir='ltr'>sae-</span> 
     </span>
     <span class='ocr_line' id='line_1_46' title="bbox 362 2647 862 2683; baseline 0.008 -9"><span class='ocrx_word' id='word_1_327' title='bbox 362 2647 432 2683; x_wconf 77' lang='lat' dir='ltr'>pius</span> <span class='ocrx_word' id='word_1_328' title='bbox 447 2651 553 2676; x_wconf 81' lang='lat' dir='ltr'>tamen</span> <span class='ocrx_word' id='word_1_329' title='bbox 570 2649 728 2678; x_wconf 81' lang='lat' dir='ltr'>addidisse</span> <span class='ocrx_word' id='word_1_330' title='bbox 743 2652 862 2679; x_wconf 83' lang='lat' dir='ltr'>monet.</span> 
     </span>
    </p>

    <p class='ocr_par' dir='ltr' id='par_1_6' title="bbox 361 2689 1027 2768">
     <span class='ocr_line' id='line_1_47' title="bbox 409 2689 1027 2728; baseline 0.008 -13"><span class='ocrx_word' id='word_1_331' title='bbox 409 2696 425 2724; x_wconf 81' lang='lat'>5</span> <span class='ocrx_word' id='word_1_332' title='bbox 448 2689 601 2718; x_wconf 73' lang='lat' dir='ltr'>Secundis</span> <span class='ocrx_word' id='word_1_333' title='bbox 630 2691 775 2725; x_wconf 76' lang='lat' dir='ltr'>collibus]</span> <span class='ocrx_word' id='word_1_334' title='bbox 820 2690 882 2719; x_wconf 90' lang='lat' dir='ltr'>Per</span> <span class='ocrx_word' id='word_1_335' title='bbox 912 2700 1027 2728; x_wconf 87' lang='lat' dir='ltr'>pronos</span> 
     </span>
     <span class='ocr_line' id='line_1_48' title="bbox 361 2728 1023 2768; baseline 0.011 -14"><span class='ocrx_word' id='word_1_336' title='bbox 361 2728 475 2756; x_wconf 76' lang='lat' dir='ltr'>eolles:</span> <span class='ocrx_word' id='word_1_337' title='bbox 502 2733 536 2757; x_wconf 77' lang='lat' dir='ltr'>ut</span> <span class='ocrx_word' id='word_1_338' title='bbox 551 2728 666 2758; x_wconf 81' lang='lat' dir='ltr'>dicitur</span> <span class='ocrx_word' id='word_1_339' title='bbox 679 2732 959 2768; x_wconf 73' lang='lat' dir='ltr'>secnmloflumine</span> <span class='ocrx_word' id='word_1_340' title='bbox 972 2732 1023 2761; x_wconf 83' lang='lat' dir='ltr'>de—</span> 
     </span>
    </p>
   </div>
   <div class='ocr_carea' id='block_1_4' title="bbox 361 2768 1023 2838">
    <p class='ocr_par' dir='ltr' id='par_1_7' title="bbox 361 2768 1023 2838">
     <span class='ocr_line' id='line_1_49' title="bbox 362 2768 1023 2820; baseline 0.011 -26"><span class='ocrx_word' id='word_1_341' title='bbox 362 2768 437 2802; x_wconf 71' lang='lat' dir='ltr'>labi,</span> <span class='ocrx_word' id='word_1_342' title='bbox 447 2772 499 2820; x_wconf 59' lang='lat' dir='ltr'>ant</span> <span class='ocrx_word' id='word_1_343' title='bbox 513 2773 632 2805; x_wconf 77' lang='lat' dir='ltr'>contra,</span> <span class='ocrx_word' id='word_1_344' title='bbox 643 2773 808 2801; x_wconf 73' lang='lat' dir='ltr'>adversum</span> <span class='ocrx_word' id='word_1_345' title='bbox 825 2772 928 2801; x_wconf 83' lang='lat' dir='ltr'>subire</span> <span class='ocrx_word' id='word_1_346' title='bbox 941 2783 1023 2802; x_wconf 76' lang='lat' dir='ltr'>mon-</span> 
     </span>
     <span class='ocr_line' id='line_1_50' title="bbox 361 2810 556 2838; baseline 0.005 -2"><span class='ocrx_word' id='word_1_347' title='bbox 361 2813 429 2837; x_wconf 68' lang='lat' dir='ltr'>lrm.</span> <span class='ocrx_word' id='word_1_348' title='bbox 454 2810 556 2838; x_wconf 63' lang='lat' dir='ltr'>Lnlzv.</span> 
     </span>
    </p>
   </div>
   <div class='ocr_carea' id='block_1_5' title="bbox 1069 2279 1739 2849">
    <p class='ocr_par' dir='ltr' id='par_1_8' title="bbox 1069 2279 1739 2762">
     <span class='ocr_line' id='line_1_51' title="bbox 1114 2279 1734 2320; baseline -0.002 -10"><span class='ocrx_word' id='word_1_349' title='bbox 1114 2279 1133 2310; x_wconf 93' lang='lat'><strong>6</strong></span> <span class='ocrx_word' id='word_1_350' title='bbox 1155 2282 1377 2320; x_wconf 73' lang='lat' dir='ltr'>Sociorumque</span> <span class='ocrx_word' id='word_1_351' title='bbox 1392 2281 1523 2311; x_wconf 76' lang='lat' dir='ltr'>victores</span> <span class='ocrx_word' id='word_1_352' title='bbox 1537 2280 1734 2316; x_wconf 76' lang='lat' dir='ltr'>oeciderunt]</span> 
     </span>
     <span class='ocr_line' id='line_1_52' title="bbox 1072 2322 1736 2359; baseline 0 -9"><span class='ocrx_word' id='word_1_353' title='bbox 1072 2322 1232 2351; x_wconf 84' lang='lat' dir='ltr'>Crevierio</span> <span class='ocrx_word' id='word_1_354' title='bbox 1258 2322 1406 2359; x_wconf 83' lang='lat' dir='ltr'>displicet</span> <span class='ocrx_word' id='word_1_355' title='bbox 1432 2331 1493 2350; x_wconf 82' lang='lat' dir='ltr'>vox</span> <span class='ocrx_word' id='word_1_356' title='bbox 1521 2323 1663 2356; x_wconf 75' lang='lat' dir='ltr'>victores,</span> <span class='ocrx_word' id='word_1_357' title='bbox 1688 2324 1736 2350; x_wconf 72' lang='lat' dir='ltr'>ut-</span> 
     </span>
     <span class='ocr_line' id='line_1_53' title="bbox 1070 2361 1736 2401; baseline 0 -9"><span class='ocrx_word' id='word_1_358' title='bbox 1070 2366 1146 2401; x_wconf 85' lang='lat' dir='ltr'>pote</span> <span class='ocrx_word' id='word_1_359' title='bbox 1176 2363 1287 2398; x_wconf 66' lang='lat' dir='ltr'>otiosa,</span> <span class='ocrx_word' id='word_1_360' title='bbox 1319 2363 1369 2392; x_wconf 90' lang='lat' dir='ltr'>cui</span> <span class='ocrx_word' id='word_1_361' title='bbox 1401 2366 1491 2391; x_wconf 80' lang='lat' dir='ltr'>vetus</span> <span class='ocrx_word' id='word_1_362' title='bbox 1520 2361 1614 2391; x_wconf 88' lang='lat' dir='ltr'>lectio</span> <span class='ocrx_word' id='word_1_363' title='bbox 1644 2363 1736 2392; x_wconf 79' lang='lat' dir='ltr'>socio-</span> 
     </span>
     <span class='ocr_line' id='line_1_54' title="bbox 1071 2403 1736 2442; baseline 0 -10"><span class='ocrx_word' id='word_1_364' title='bbox 1071 2414 1204 2442; x_wconf 78' lang='lat' dir='ltr'>rumque</span> <span class='ocrx_word' id='word_1_365' title='bbox 1214 2405 1341 2434; x_wconf 72' lang='lat' dir='ltr'>(lucenti</span> <span class='ocrx_word' id='word_1_366' title='bbox 1352 2403 1456 2441; x_wconf 85' lang='lat' dir='ltr'>potior</span> <span class='ocrx_word' id='word_1_367' title='bbox 1465 2403 1609 2432; x_wconf 83' lang='lat' dir='ltr'>habetur.</span> <span class='ocrx_word' id='word_1_368' title='bbox 1636 2403 1736 2432; x_wconf 83' lang='lat' dir='ltr'>Haud</span> 
     </span>
     <span class='ocr_line' id='line_1_55' title="bbox 1071 2444 1735 2482; baseline 0 -9"><span class='ocrx_word' id='word_1_369' title='bbox 1071 2445 1135 2473; x_wconf 85' lang='lat' dir='ltr'>seio</span> <span class='ocrx_word' id='word_1_370' title='bbox 1158 2455 1198 2474; x_wconf 87' lang='lat' dir='ltr'>an</span> <span class='ocrx_word' id='word_1_371' title='bbox 1222 2445 1308 2473; x_wconf 86' lang='lat' dir='ltr'>hune</span> <span class='ocrx_word' id='word_1_372' title='bbox 1332 2446 1437 2473; x_wconf 79' lang='lat' dir='ltr'>locum</span> <span class='ocrx_word' id='word_1_373' title='bbox 1458 2444 1647 2482; x_wconf 81' lang='lat' dir='ltr'>spectaverit</span> <span class='ocrx_word' id='word_1_374' title='bbox 1663 2444 1735 2474; x_wconf 85' lang='lat' dir='ltr'>Mu-</span> 
     </span>
     <span class='ocr_line' id='line_1_56' title="bbox 1072 2485 1737 2524; baseline 0 -9"><span class='ocrx_word' id='word_1_375' title='bbox 1072 2489 1157 2515; x_wconf 79' lang='lat' dir='ltr'>retus</span> <span class='ocrx_word' id='word_1_376' title='bbox 1174 2486 1250 2515; x_wconf 86' lang='lat' dir='ltr'>Var.</span> <span class='ocrx_word' id='word_1_377' title='bbox 1268 2486 1356 2515; x_wconf 86' lang='lat' dir='ltr'>Leet.</span> <span class='ocrx_word' id='word_1_378' title='bbox 1373 2485 1434 2515; x_wconf 82' lang='lat' dir='ltr'>xvi.</span> <span class='ocrx_word' id='word_1_379' title='bbox 1453 2486 1483 2521; x_wconf 74' lang='lat'>8,</span> <span class='ocrx_word' id='word_1_380' title='bbox 1498 2485 1552 2515; x_wconf 88' lang='lat' dir='ltr'>ubi</span> <span class='ocrx_word' id='word_1_381' title='bbox 1573 2495 1629 2524; x_wconf 88' lang='lat' dir='ltr'>pro</span> <span class='ocrx_word' id='word_1_382' title='bbox 1644 2487 1737 2515; x_wconf 76' lang='lat' dir='ltr'>victo-</span> 
     </span>
     <span class='ocr_line' id='line_1_57' title="bbox 1071 2526 1736 2564; baseline -0.002 -8"><span class='ocrx_word' id='word_1_383' title='bbox 1071 2538 1122 2556; x_wconf 73' lang='lat' dir='ltr'>res</span> <span class='ocrx_word' id='word_1_384' title='bbox 1144 2526 1175 2556; x_wconf 87' lang='lat' dir='ltr'>in</span> <span class='ocrx_word' id='word_1_385' title='bbox 1200 2527 1357 2556; x_wconf 81' lang='lat' dir='ltr'>veteribus</span> <span class='ocrx_word' id='word_1_386' title='bbox 1378 2527 1449 2556; x_wconf 88' lang='lat' dir='ltr'>edd.</span> <span class='ocrx_word' id='word_1_387' title='bbox 1469 2528 1566 2555; x_wconf 77' lang='lat' dir='ltr'>victos</span> <span class='ocrx_word' id='word_1_388' title='bbox 1589 2526 1649 2564; x_wconf 83' lang='lat' dir='ltr'>legi</span> <span class='ocrx_word' id='word_1_389' title='bbox 1673 2536 1736 2556; x_wconf 85' lang='lat' dir='ltr'>sus-</span> 
     </span>
     <span class='ocr_line' id='line_1_58' title="bbox 1072 2567 1739 2605; baseline 0.003 -10"><span class='ocrx_word' id='word_1_390' title='bbox 1072 2568 1207 2605; x_wconf 81' lang='lat' dir='ltr'>picatur,</span> <span class='ocrx_word' id='word_1_391' title='bbox 1233 2568 1287 2597; x_wconf 87' lang='lat' dir='ltr'>sed</span> <span class='ocrx_word' id='word_1_392' title='bbox 1317 2567 1470 2603; x_wconf 79' lang='lat' dir='ltr'>librarios,</span> <span class='ocrx_word' id='word_1_393' title='bbox 1493 2567 1546 2605; x_wconf 86' lang='lat' dir='ltr'>qui</span> <span class='ocrx_word' id='word_1_394' title='bbox 1572 2568 1739 2597; x_wconf 86' lang='lat' dir='ltr'>Romanos</span> 
     </span>
     <span class='ocr_line' id='line_1_59' title="bbox 1071 2608 1737 2647; baseline 0.002 -10"><span class='ocrx_word' id='word_1_395' title='bbox 1071 2618 1111 2637; x_wconf 83' lang='lat' dir='ltr'>ex</span> <span class='ocrx_word' id='word_1_396' title='bbox 1141 2618 1179 2638; x_wconf 87' lang='lat' dir='ltr'>eo</span> <span class='ocrx_word' id='word_1_397' title='bbox 1210 2608 1330 2647; x_wconf 88' lang='lat' dir='ltr'>proelio</span> <span class='ocrx_word' id='word_1_398' title='bbox 1360 2609 1536 2646; x_wconf 84' lang='lat' dir='ltr'>superiores</span> <span class='ocrx_word' id='word_1_399' title='bbox 1559 2608 1737 2638; x_wconf 85' lang='lat' dir='ltr'>discessisse</span> 
     </span>
     <span class='ocr_line' id='line_1_60' title="bbox 1071 2649 1736 2685; baseline 0 -7"><span class='ocrx_word' id='word_1_400' title='bbox 1071 2650 1224 2685; x_wconf 79' lang='lat' dir='ltr'>viderent,</span> <span class='ocrx_word' id='word_1_401' title='bbox 1255 2659 1293 2678; x_wconf 83' lang='lat' dir='ltr'>ex</span> <span class='ocrx_word' id='word_1_402' title='bbox 1323 2651 1414 2679; x_wconf 74' lang='lat' dir='ltr'>vietis</span> <span class='ocrx_word' id='word_1_403' title='bbox 1443 2649 1554 2678; x_wconf 85' lang='lat' dir='ltr'>fecisse</span> <span class='ocrx_word' id='word_1_404' title='bbox 1581 2650 1736 2679; x_wconf 76' lang='lat' dir='ltr'>victores.-</span> 
     </span>
     <span class='ocr_line' id='line_1_61' title="bbox 1070 2690 1735 2728; baseline 0.003 -11"><span class='ocrx_word' id='word_1_405' title='bbox 1070 2700 1168 2728; x_wconf 84' lang='lat' dir='ltr'>quum</span> <span class='ocrx_word' id='word_1_406' title='bbox 1193 2690 1393 2719; x_wconf 79' lang='lat' dir='ltr'>scribendum</span> <span class='ocrx_word' id='word_1_407' title='bbox 1417 2694 1497 2720; x_wconf 79' lang='lat' dir='ltr'>esset</span> <span class='ocrx_word' id='word_1_408' title='bbox 1514 2694 1611 2720; x_wconf 66' lang='grc' dir='ltr'><em>Ποίας</em></span> <span class='ocrx_word' id='word_1_409' title='bbox 1628 2690 1661 2719; x_wconf 85' lang='lat' dir='ltr'>id</span> <span class='ocrx_word' id='word_1_410' title='bbox 1677 2693 1735 2725; x_wconf 81' lang='lat' dir='ltr'>est,</span> 
     </span>
     <span class='ocr_line' id='line_1_62' title="bbox 1069 2736 1238 2762; baseline -0.012 -1"><span class='ocrx_word' id='word_1_411' title='bbox 1069 2736 1238 2762; x_wconf 64' lang='lat' dir='ltr'>sewentos.</span> 
     </span>
    </p>

    <p class='ocr_par' dir='ltr' id='par_1_9' title="bbox 1069 2772 1734 2849">
     <span class='ocr_line' id='line_1_63' title="bbox 1114 2772 1734 2811; baseline 0 -12"><span class='ocrx_word' id='word_1_412' title='bbox 1114 2779 1129 2809; x_wconf 88' lang='lat'>7</span> <span class='ocrx_word' id='word_1_413' title='bbox 1155 2774 1245 2808; x_wconf 73' lang='lat' dir='ltr'>Quae</span> <span class='ocrx_word' id='word_1_414' title='bbox 1270 2774 1366 2811; x_wconf 67' lang='lat' dir='ltr'>ymo-s]</span> <span class='ocrx_word' id='word_1_415' title='bbox 1409 2772 1536 2810; x_wconf 86' lang='lat' dir='ltr'>Nempe</span> <span class='ocrx_word' id='word_1_416' title='bbox 1566 2782 1604 2800; x_wconf 83' lang='lat' dir='ltr'>ea</span> <span class='ocrx_word' id='word_1_417' title='bbox 1634 2774 1734 2808; x_wconf 84' lang='lat' dir='ltr'>parte,</span> 
     </span>
     <span class='ocr_line' id='line_1_64' title="bbox 1069 2823 1140 2849; baseline 0.042 -10"><span class='ocrx_word' id='word_1_418' title='bbox 1069 2823 1140 2849; x_wconf 80' lang='lat' dir='ltr'>qna.</span> 
     </span>
    </p>
   </div>
  </div>
 </body>
</html>
