1825 3173
190 1771 257 1806 41.

311 153 362 190 36

282 273 289 280 .
317 245 327 262 ‘
343 239 462 296 gerit,
478 238 549 278 ubi
571 250 667 277 eum
683 248 825 290 gerere
840 239 1006 273 senatus
1025 228 1287 285 populusque
1307 224 1523 264 Romanus
1540 219 1669 261 voluit
1684 234 1693 267 3

281 314 288 322 ·
318 302 329 320 ⁶
345 312 435 352 ego,
458 304 505 336 ut
524 292 737 335 consulem
758 291 909 331 ducem
937 287 1132 328 adversus
1155 280 1437 324 Hannibalem
1465 294 1510 319 ac
1531 277 1698 318 Poenos

817 142 966 185 ΤΙΤΙ
1004 139 1181 182 LIVII

317 359 328 377 ‘
344 352 563 400 haberetis,
586 351 672 406 ipse
694 364 760 389 mc
791 347 890 387 huic
910 343 1143 386 voluntario
1165 337 1380 381 certamini
1402 335 1557 383 obtuli,
1590 348 1698 374 novo

318 408 584 467 ‘imperatori
615 406 728 462 apud
747 419 874 445 novos
900 402 1051 442 milites
1072 413 1204 454 pauca
1223 396 1349 436 verba
1372 392 1563 433 facienda
1589 397 1696 430 sunt.

319 473 330 491 ‘
348 468 415 509 Ne
437 481 569 523 genus
589 464 700 512 belli,
723 476 827 502 neve
856 460 1018 500 hostem
1040 454 1262 512 ignoretis,
1295 466 1390 492 cum
1418 449 1468 489 iis
1490 457 1551 489 est
1570 446 1699 494 vobis,

320 530 332 548 ‘
348 525 512 572 milites,
553 519 841 578 pugnandum,
884 530 988 572 quos
1034 522 1141 554 terra
1180 510 1367 564 marique
1415 506 1551 562 priore
1591 502 1701 543 bello

322 587 333 604 ‘
349 581 520 623 vicistis:
555 595 578 619 a
591 578 742 633 quibus
758 573 1012 629 stipendium
1033 584 1107 625 per
1119 567 1266 624 viginti
1288 579 1417 606 annos
1435 560 1650 616 exegistis:
1680 574 1704 599 a

323 644 335 662 ⁶
351 639 502 694 quibus
523 644 643 690 capta
659 633 757 675 belli
776 630 971 687 praemia,
993 627 1175 668 Siciliam
1198 639 1244 664 ac
1266 621 1510 667 Sardiniam,
1529 615 1701 658 habetis.

324 700 335 718 ‘
353 696 445 736 Erit
471 694 599 749 igitur
618 693 662 731 111
692 690 772 730 1106
794 686 1018 729 certamine
1049 684 1082 723 is
1103 682 1218 722 vobis
1238 680 1401 733 illisque
1434 676 1608 722 animus,
1631 672 1704 728 qui

325 758 335 775 ‘
351 751 576 793 victoribus
597 757 639 789 et
654 747 772 788 victis
793 759 879 785 esse
901 742 1015 783 solet.
1079 739 1172 780 Nec
1193 752 1307 778 nunc
1327 735 1400 783 illi,
1416 733 1513 789 quia
1534 730 1704 777 audent,

326 809 427 850 ‘sed
457 807 556 863 quia
589 819 757 846 necesse
789 809 864 850 est,
895 797 1121 856 pugnaturi
1151 803 1270 836 sunt:
1311 792 1390 833 nisi
1421 789 1601 837 creditis,
1634 786 1706 842 qui

327 870 338 888 ‘
355 865 543 907 exercitu
564 860 762 903 incolumi
782 872 966 914 pugnam
987 856 1281 899 detrectavere,
1300 864 1383 898 eos,
1405 848 1565 888 duabus
1581 843 1708 900 parti·
1721 855 1740 885 s

328 927 339 945 ‘
354 924 431 964 bus
451 921 640 977 peditum
657 918 929 973 equitumque
944 913 987 953 in
1008 910 1183 952 transitu
1200 907 1376 963 Alpium
1393 904 1562 951 amissis,
1577 915 1706 957 quum
1721 922 1740 952 9

329 979 494 1035 ‘plures
524 991 656 1033 paene
683 973 895 1030 perierint,
918 984 1042 1025 quam
1075 974 1308 1022 supersunt,
1330 963 1424 1019 plus
1451 961 1540 1016 spei
1567 966 1710 999 nactos

330 1041 455 1077 ί6556.
520 1036 581 1074 At
611 1032 723 1073 enim
754 1029 875 1086 pauci
907 1027 1078 1082 quidem
1110 1032 1218 1070 511111,
1247 1021 1321 1062 sed
1346 1020 1532 1074 vigentes
1563 1014 1739 1056 animis1

330 1091 694 1147 ‘corporibusque,
724 1100 900 1141 quorum
931 1084 1079 1123 robora
1108 1096 1154 1120 ac
1184 1080 1290 1119 vires
1320 1077 1390 1117 vix
1420 1075 1622 1116 sustinere
1652 1071 1713 1111 vis

331 1154 341 1171 ⁶
359 1149 443 1189 ulla
462 1147 600 1203 possit.
664 1144 846 1198 Effigies,
865 1142 947 1181 imo
969 1139 1138 1180 umbrae
1160 1136 1391 1182 hominum,
1408 1133 1529 1180 fame,
1547 1130 1712 1184 frigore,

332 1210 342 1228 ‘
358 1205 511 1252 illuvie,
530 1202 719 1257 squalore
742 1198 892 1246 cnecti,
916 1195 1078 1237 contusi
1104 1209 1149 1233 ac
1172 1190 1375 1232 debilitati
1400 1190 1508 1229 inter
1528 1202 1626 1227 saxa
1645 1200 1714 1225 ru-

332 1267 526 1318 ‘pesque
610 1258 681 1298 Ad
717 1256 833 1303 haec,
865 1252 1045 1309 praeusti
1082 1258 1208 1297 artus,
1240 1249 1334 1287 nive
1367 1246 1548 1299 rigentes
1584 1241 1714 1290 nervi,

332 1324 343 1341 ⁶
360 1319 545 1359 membra
572 1314 728 1357 torrida
757 1312 867 1368 gelu,
900 1317 1090 1365 quassata
1109 1306 1320 1359 fractaque
1353 1317 1478 1350 arma,
1501 1299 1638 1341 claudi
1669 1313 1716 1338 ac

333 1381 344 1398 ‘
361 1374 518 1415 debiles
532 1373 641 1427 equi.
707 1370 818 1410 Cum
840 1369 919 1408 hoc
941 1366 1095 1420 equite,
1113 1378 1209 1404 611111
1230 1363 1309 1402 1106
1330 1359 1471 1416 pedite
1492 1354 1717 1413 pugnaturi

334 1432 483 1472 ‘estisz
517 1429 712 1483 reliquias
743 1434 948 1466 extremas
978 1421 1173 1468 hostium,
1202 1434 1287 1459 11011
1318 1418 1468 1464 1105165,
1498 1412 1715 1455 habebitis.

335 1494 346 1512 ⁶
364 1489 429 1529 Ac
451 1486 556 1527 nihil
584 1485 713 1540 magis
733 1497 890 1530 vereor,
920 1494 1046 1535 quam
1074 1493 1140 1525 116,
1163 1491 1234 1516 vos
1263 1489 1394 1530 quum
1421 1469 1716 1528 pugnaveritis,

336 1551 347 1568 ‘
365 1545 496 1600 Alpes
517 1543 661 1583 vicisse
685 1538 968 1581 Hannibalem
986 1535 1214 1576 videantur.
1281 1531 1363 1572 Sed
1384 1531 1441 1570 ita
1453 1529 1623 1569 forsitan
1645 1526 1719 1566 de-

337 1608 348 1625 ‘
364 1603 462 1650 cuit,
481 1615 576 1641 611111
597 1598 812 1639 foederum
829 1603 995 1650 ruptore
1011 1593 1117 1632 (11166
1139 1606 1185 1631 116
1199 1588 1354 1645 populo
1376 1587 1476 1627 deos
1492 1586 1614 1640 ipsos,
1630 1583 1718 1623 sine

338 1659 449 1699 ‘ulla
478 1658 661 1698 humana
688 1669 780 1710 ope,
803 1651 1062 1693 committere
1092 1664 1138 1688 ac
1168 1646 1387 1702 profligare
1418 1643 1596 1684 bellum:
1630 1655 1750 1689 nos,2

338 1722 349 1739 ‘
365 1716 439 1771 qui
459 1713 689 1755 secundum
711 1711 811 1752 deos
832 1708 971 1750 violati
997 1721 1151 1754 sumus,
1175 1703 1439 1744 commissum
1461 1716 1507 1740 ac
1528 1698 1716 1754 profliga-

339 1779 455 1813 ‘tum
477 1771 693 1812 conficere.
758 1767 859 1808 Non
880 1779 1037 1812 vercor,
1060 1778 1112 1803 116
1136 1762 1229 1817 quis
1251 1776 1315 1801 me
1338 1759 1416 1799 hoc
1430 1756 1555 1798 vestri
1571 1755 1752 1796 adhor-3

339 1836 349 1853 ‘
367 1829 481 1870 tandi
503 1842 625 1869 causa
645 1825 863 1880 magnifice
886 1822 999 1877 loqui
1023 1819 1253 1865 existimet3
1286 1818 1423 1872 ipsum
1445 1814 1563 1855 aliter
1583 1811 1722 1852 animo

339 1887 563 1927 ‘affectum
594 1899 692 1925 esse.
756 1881 897 1922 Licuit
928 1880 971 1919 in
1004 1876 1264 1932 Hispaniam,
1287 1872 1543 1930 provinciam
1574 1883 1722 1917 meam,

341 1950 351 1967 ‘
369 1958 452 1998 quo
483 1943 566 1982 iam
596 1939 806 1996 profectus
837 1952 962 1985 eram,
995 1950 1091 1975 cum
1121 1932 1308 1974 exercitu
1339 1931 1397 1970 ire
1426 1943 1545 1969 meo:
1580 1926 1652 1967 ubi
1683 1933 1726 1965 et

341 2006 352 2024 ‘
368 2001 535 2041 fratrem
557 1997 717 2039 consilii
738 1995 982 2052 participem
1005 2007 1051 2032 ac
1072 1989 1247 2047 periculi
1269 1988 1427 2029 socium
1451 1985 1661 2032 haberem,
1684 1990 1726 2022 et

342 2064 353 2080 ‘
370 2055 675 2098 Hasdrubalem
730 2053 882 2108 potius,
933 2064 1059 2105 quam
1111 2045 1407 2092 Hannibalem,
1459 2043 1633 2089 hostem,
1684 2047 1727 2079 et

345 2120 355 2137 ‘
372 2114 575 2153 minorem
603 2111 717 2152 haud
747 2109 873 2150 dubie
896 2107 1049 2147 molem
1076 2103 1187 2145 belli.
1250 2102 1426 2149 Tamen,
1449 2113 1581 2155 quum
1608 2111 1727 2153 prac-

388 2287 407 2315 8
430 2285 568 2314 Duabus
578 2282 739 2322 partibus]
766 2277 1014 2310 Duabustertiis

347 2327 497 2366 partibus.

389 2379 408 2409 9
444 2370 549 2405 Quum
576 2367 687 2406 plures
714 2374 819 2403 paene
846 2362 1015 2401 perierint,

347 2422 442 2452 quam
453 2410 643 2449 supersunt]
663 2408 819 2445 Suspecta
829 2404 957 2443 quidem
969 2407 1016 2432 est

348 2454 426 2484 haec
435 2450 632 2492 parenthesis
642 2448 783 2480 Strothio
790 2451 821 2477 et
830 2445 1015 2484 Doeringio,

348 2500 379 2525 et
411 2504 492 2533 quae
518 2491 700 2533 glossatoris
726 2499 857 2520 manum
882 2488 1017 2527 prodere

351 2538 504 2567 videatur.
551 2535 697 2565 Bauerus
720 2532 849 2571 quidem
873 2534 1016 2559 nostrum

350 2579 493 2617 mitigare
506 2577 589 2607 velle
605 2578 723 2611 censet,
734 2574 818 2613 quod
831 2573 911 2603 forte
923 2570 1018 2601 nimis

351 2623 500 2650 auxerat:
527 2622 637 2648 contra
658 2616 809 2654 Raschig.
828 2625 932 2654 paene
953 2623 1017 2643 non

346 2663 464 2699 ferme,
480 2661 534 2689 sed
548 2661 678 2698 penilzzs
694 2659 745 2688 hic
761 2657 938 2697 significare
954 2665 1018 2686 5115-

353 2702 487 2741 picatur,
508 2701 779 2739 quemadmodum
796 2699 882 2738 apud
906 2699 1017 2728 Plane.

352 2744 383 2773 in
401 2744 468 2774 Cic.
487 2743 549 2781 Ep.
563 2752 593 2772 Χ.
612 2751 659 2779 23.
676 2752 740 2771 mm.
756 2743 811 2771 hoc
827 2742 903 2770 vitio
916 2750 1020 2779 paene

351 2797 420 2816 sum
437 2787 594 2822 deeeptus,
612 2783 733 2821 legitur.
761 2784 800 2812 cf.
813 2782 911 2812 Prisc.
929 2782 971 2811 iii.
989 2792 1019 2819 p.

352 2826 424 2858 608.

401 2879 410 2899 1
437 2870 481 2898 At
497 2868 596 2904 enim]
625 2866 843 2897 Obiectionem
862 2866 925 2894 fere
941 2873 1020 2894 sem-

1059 2286 1115 2314 per
1137 2274 1279 2304 indicant
1306 2272 1483 2312 particulae
1508 2275 1542 2300 at
1568 2271 1661 2301 em'm.
1686 2269 1726 2300 cf.

1058 2328 1143 2356 supr.
1160 2317 1199 2346 iv.
1218 2327 1245 2353 4.
1264 2316 1388 2345 Riscu.

1103 2370 1118 2389 2
1144 2359 1341 2396 I'rqfliyare]
1357 2357 1423 2386 h.e.
1439 2355 1489 2384 Ad
1500 2354 1728 2384 exitumferme

1060 2402 1229 2437 adducere,
1246 2404 1279 2429 ut
1297 2399 1365 2429 Cic.
1383 2398 1478 2427 Tusc.
1498 2408 1524 2427 V.
1541 2396 1570 2427 6.
1588 2396 1627 2427 cf.
1643 2407 1728 2436 supr.

1060 2454 1102 2473 111.
1121 2451 1170 2482 50.

1104 2495 1121 2524 3
1152 2485 1252 2516 Vestri
1273 2483 1464 2513 adhortandi
1485 2482 1600 2519 causa]
1630 2480 1728 2511 Vide-

1061 2532 1147 2558 retur
1161 2527 1241 2557 ratio
1256 2524 1536 2565 grammaticarum
1552 2524 1659 2562 legum
1674 2532 1729 2562 po-

1063 2570 1181 2600 stulare
1197 2569 1247 2599 vel
1266 2569 1362 2599 vestri
1382 2566 1663 2602 adhortandorum,
1680 2566 1730 2595 vel

1061 2623 1115 2643 vos
1138 2611 1338 2642 adhortandi.
1384 2609 1447 2639 Sed
1470 2609 1554 2638 hanc
1578 2606 1731 2646 loquendi

1063 2655 1197 2684 formam
1215 2652 1433 2691 compluribus
1449 2661 1488 2680 ex
1510 2649 1731 2689 probatissimo

1064 2706 1191 2735 quoque
1221 2695 1373 2733 scriptore
1409 2691 1567 2730 exemplis
1601 2694 1733 2721 tuentur

1066 2738 1213 2768 Sanctius
1232 2737 1262 2766 in
1285 2735 1433 2766 Minerva
1454 2733 1496 2763 iii.
1517 2733 1545 2763 8.
1568 2736 1600 2762 et
1621 2736 1733 2762 auctor

1066 2781 1180 2810 Novae
1206 2777 1354 2809 Methodi
1380 2776 1507 2814 linguae
1539 2773 1673 2804 Latinae
1700 2774 1731 2803 in

1066 2820 1337 2851 observationibus
1352 2818 1392 2848 ad
1410 2816 1585 2848 Gerundia.
1603 2817 1709 2846 Cam.
