1871 3178
84 316 100 345 5

84 1210 276 1259 6<Italia,
311 1211 363 1251 ad
396 1227 542 1267 regum
583 1213 765 1267 aliquem
807 1213 1107 1266 t1·ansfugiaut.’

90 1291 99 1311 Ι

509 97 631 138 Llss.
668 97 815 138 xxll.
862 98 1007 139 (JAl‘.
1042 104 1108 140 53.
1427 106 1494 141 111

116 186 307 226 virorum.
373 186 600 227 Consulem
636 203 804 242 quoque
850 187 1086 227 Romanum
1124 188 1403 242 conquisitum
1442 204 1503 228 se-

115 243 377 298 pultumque,
401 244 573 299 quidam
596 254 784 285 auctores
806 254 914 284 sunt.

175 299 270 348 Eos,
298 301 370 354 qui
403 302 633 341 Canusium
661 301 940 356 perfugerant,
964 301 1114 341 mulier
1149 300 1300 356 Apula,
1335 303 1502 341 nomine

117 356 241 405 Busa,
263 372 417 411 genere
441 358 549 398 clara
570 374 616 398 ac
637 358 806 406 divitiis,
831 358 1048 398 moenibus
1071 367 1231 398 tantum
1257 358 1459 412 tectisque
1482 376 1505 398 a

118 413 342 454 Canusinis
373 424 575 470 acceptos,
608 415 831 463 frumento,
864 425 990 463 veste,
1024 415 1173 455 viatico
1210 415 1333 454 etiam
1372 415 1501 462 iuvit3

114 485 189 525 pro
220 487 304 525 qua
333 471 371 511 ei
403 472 687 512 munificentia
719 481 872 527 postea,
906 472 1014 512 bello
1047 472 1242 527 perfecto,
1275 472 1326 511 ab
1358 481 1503 511 senatu

115 527 294 567 honores
326 528 453 568 habiti
483 538 589 569 sunt.
655 529 869 577 Ceterum,
897 545 1026 584 quum
1055 530 1109 569 ibi
1143 530 1296 569 tribuni
1325 528 1502 568 milituln

115 594 312 640 quattuor
340 595 489 633 essent,
521 586 670 626 Fabius
700 585 913 626 Maximus
939 587 990 626 de
1020 586 1182 640 legione
1213 586 1357 641 prima,
1387 586 1504 626 cuius

116 651 233 738 pater
258 643 393 697 priore
415 658 525 682 anno
547 643 724 683 dictator
744 643 890 691 fuerat,
915 655 956 684 et
981 643 1033 683 (10
1064 643 1226 697 legione
1249 643 1432 684 secunda
1455 643 1502 683 L.

135 698 331 739 'ublicius
368 699 541 739 Bibulus
578 709 619 740 et
656 700 701 740 l'.
725 700 948 741 Cornelius
988 700 1140 755 Scipio,
1176 709 1217 741 et
1251 700 1303 740 de
1341 700 1504 753 legione

117 756 238 796 tertia
271 757 351 811 Ap.
375 755 579 796 Claudius
612 756 805 806 Pulcher,
838 758 909 812 qui
947 758 1135 813 proxime
1169 757 1313 798 aedilis
1343 753 1503 805 fuerat3

116 813 302 852 omnium
320 828 524 853 consensu
542 814 593 853 ad
609 814 654 854 Ρ.
671 814 922 869 Scipionem,
938 814 1164 854 admodum
1184 814 1503 862 adolescentem,

115 878 157 909 et
189 869 242 909 ad
277 869 358 924 Ap.
381 869 609 910 Claudium
640 886 801 911 summa
834 872 995 927 imperii
1029 871 1167 912 delata
1202 881 1274 912 est.
1341 872 1506 919 Quibus

115 925 445 967 consultantibus
479 927 589 968 inter
620 943 775 984 paucos
805 928 857 968 de
889 944 1051 969 summa
1081 944 1219 969 rerum
1258 929 1424 969 nuntiat
1457 929 1503 969 P.

117 982 265 1023 Furius
294 983 452 1033 Philus,
475 984 701 1025 consularis
721 986 798 1025 viri
827 986 948 1035 filius,
973 993 983 1009 ⁶
1000 985 1295 1041 Nequicquam
1324 1001 1393 1026 eos
1414 1001 1507 1041 per-

117 1039 272 1080 ‘ditam
293 1056 409 1096 spem
434 1041 588 1082 fovere:
623 1042 884 1097 desperatam
906 1043 1289 1098 comploratamque
1310 1058 1395 1083 rem
1419 1058 1505 1083 esse

117 1097 361 1152 ‘pul)lieam.
426 1098 601 1139 Nobiles
630 1099 800 1140 iuvenes
829 1100 1043 1155 quosdam,
1068 1115 1244 1154 quorum
1272 1100 1503 1154 principem

117 1159 128 1177 ‘
147 1153 195 1194 L.
216 1154 447 1195 Caecilium
465 1155 702 1203 Metellum,
718 1172 828 1197 mare
851 1172 898 1196 ac
914 1171 1037 1196 naves
1054 1166 1253 1211 spectare,
1272 1165 1327 1204 ut,
1346 1156 1507 1197 deserta

1171 1212 1298 1260 Quod
1336 1213 1505 1261 malurn,

117 1276 408 1323 praeterquam
439 1280 569 1317 atrox,
599 1284 723 1324 super
756 1278 816 1309 tot
851 1269 988 1310 clades
1021 1270 1146 1310 ctiam
1178 1285 1345 1318 novum,
1376 1285 1506 1324 (pium

117 1333 285 1379 stupore
327 1340 373 1365 ae
411 1325 610 1366 miraculo
644 1326 829 1381 torpidos
863 1326 1088 1374 defixisset,
1123 1335 1177 1373 et,
1213 1327 1285 1381 qui
1321 1326 1506 1373 aderant,

86 1381 336 1423 sconsilium
359 1381 647 1422 advocandum
669 1382 720 1423 de
744 1398 792 1423 eo
811 1392 1052 1430 censerent3
1088 1394 1211 1438 negat
1234 1383 1396 1422 consilii
1419 1398 1506 1423 rem

85 1624 105 1655 9

91 1853 102 1874 1

117 1453 204 1478 esse
231 1438 369 1493 Scipio
391 1439 562 1488 iuvenis,
586 1439 720 1479 fatalis
741 1439 827 1479 dux
850 1439 1022 1480 huiusce
1044 1440 1154 1479 belli.
1219 1445 1229 1461 ‘
1248 1438 1506 1479 Audendum

119 1500 272 1550 ‘atque
305 1496 528 1551 agendum,
562 1511 645 1536 non
677 1495 1026 1544 consultandum,'
1052 1496 1121 1544 ait,
1152 1496 1219 1535 ‘in
1253 1504 1367 1536 tanto
1399 1495 1507 1536 malo

119 1557 242 1592 ‘esse.
306 1552 421 1593 Irent
461 1567 601 1593 secum
642 1552 854 1607 extemplo
890 1553 1050 1601 armati,
1092 1552 1165 1607 qui
1206 1552 1507 1607 rempublicam

120 1608 298 1649 ‘salvam
335 1608 502 1650 vellent.
566 1608 697 1650 Nullo
730 1610 878 1658 verius,
912 1625 1038 1665 quam
1074 1609 1145 1650 ubi
1179 1624 1228 1649 ea
1257 1610 1506 1664 cogitentur,

119 1666 329 1706 ‘hostium
360 1675 492 1706 castra
524 1667 639 1707 esse.'
699 1666 844 1721 Pergit
874 1667 946 1715 ire,
976 1666 1246 1722 sequentibus
1277 1667 1431 1722 paucis,
1464 1667 1506 1706 in

118 1722 345 1778 hospitium
380 1722 568 1763 Metelli:
612 1732 666 1771 et,
700 1738 831 1779 quum
865 1723 1090 1765 concilium
1122 1724 1179 1764 ibi
1210 1723 1422 1772 iuvenum,
1454 1723 1506 1764 de

119 1779 271 1834 quibus
292 1779 461 1820 allatum
484 1788 585 1829 erat,
610 1780 848 1829 invenisset,
871 1781 1013 1821 stricto
1043 1796 1168 1836 super
1188 1780 1323 1836 capita
1345 1780 1509 1821 consul-

120 1836 297 1877 tantium
327 1836 478 1891 gladie,
511 1836 604 1877 ‘Ex
631 1837 712 1878 mei
739 1838 867 1878 animi
895 1838 1129 1886 sententia,’
1157 1837 1307 1893 inquit,
1332 1843 1404 1878 ‘ut
1431 1852 1509 1892 ego

121 1893 449 1949 ‘rempublicam
480 1894 624 1949 populi
657 1894 839 1935 Romani
870 1910 955 1935 non
991 1895 1179 1935 deseram
1209 1910 1349 1950 neque
1382 1894 1508 1935 alium

121 1955 133 1974 ‘
146 1950 279 1990 civem
303 1950 543 1991 Romanum
564 1951 754 1991 deserere
775 1951 920 2006 patiar.
975 1951 1019 1992 Si
1040 1952 1173 1993 sciens
1188 1951 1298 2001 fallo,
1317 1960 1406 1992 tum
1428 1966 1507 1999 me,

122 2006 308 2062 ‘Iupiter
328 2007 485 2062 optime
515 2008 709 2057 maxime,
732 2008 918 2057 domum,
942 2008 1151 2057 familiam,
1175 2023 1347 2063 remque
1374 2023 1509 2048 meam

122 2063 326 2118 ‘pessimo
366 2063 450 2104 leto
491 2064 668 2105 afficias!
716 2064 767 2104 In
801 2065 902 2106 baec
939 2066 1075 2113 verba,
1110 2065 1158 2105 L.
1178 2064 1352 2113 Caecili,
1387 2065 1508 2112 iures,

165 2247 182 2277 5
220 2239 347 2268 Illult‘er
375 2238 505 2277 Apula]
554 2237 642 2267 Olim
673 2238 792 2267 Paula.
838 2241 934 2275 atque
965 2236 1048 2266 inter
1074 2247 1106 2266 se
1134 2236 1400 2266 consultantibus.
1448 2235 1510 2266 Sed

123 2279 318 2310 Emendavit
334 2279 494 2319 ingeniose
512 2279 648 2318 Lipsius.

165 2320 184 2351 6
199 2323 253 2350 Ad
263 2333 373 2360 're-qum
383 2322 537 2361 aliquem]
551 2323 677 2360 Reyem.
691 2321 792 2351 Drak.

123 2367 156 2393 et
178 2363 317 2393 Bekker.
339 2365 499 2402 probant3
522 2368 663 2393 ceterum
685 2374 793 2401 reglum

123 2405 278 2441 Gronov„
294 2405 400 2441 Crev.,
415 2409 446 2434 et
463 2405 582 2436 Stroth.
599 2409 738 2434 tuentur.

169 2455 185 2486 7
196 2447 545 2485 Praeterquamatrooe]
559 2448 793 2486 Praeterquam

123 2489 207 2529 quod
226 2488 298 2518 edd.
314 2492 390 2518 ante
407 2487 507 2518 Gron.
528 2488 583 2517 sed
604 2489 687 2527 quod
707 2492 792 2517 recte

124 2530 229 2560 omitti
265 2530 422 2568 exemplis
457 2529 579 2559 idoneis
613 2530 791 2558 docuerunt

125 2572 224 2603 Gron.
247 2576 278 2602 et
301 2572 401 2602 Drak.
424 2572 463 2601 cf.
481 2581 566 2610 supr.
586 2570 626 2601 iv.
653 2579 698 2609 17.
721 2570 791 2601 infr.

123 2614 210 2645 xxvi.
232 2624 277 2653 13.

167 2657 186 2687 8
210 2657 384 2687 Consilium
403 2655 639 2691 advocandum]
667 2664 708 2685 se.
725 2653 794 2683 Tri-

124 2699 282 2728 bunorum
299 2702 331 2728 et
347 2708 455 2727 eorum
473 2697 527 2735 qui
544 2696 669 2725 ordines
690 2695 793 2725 duxis-

125 2744 206 2771 sent.
245 2741 421 2770 Concilium
439 2740 510 2769 edd.
528 2742 602 2768 ante
619 2738 711 2768 Crev.
731 2738 793 2767 Ve-

126 2792 195 2812 rum
211 2783 377 2813 concilium
395 2782 435 2812 de
457 2780 661 2811 audientibus
681 2780 797 2809 rectius

126 2823 253 2860 dicitur,
279 2825 443 2854 consilium
475 2824 515 2854 de
545 2822 796 2852 deliberantibus

838 2279 917 2308 haec
936 2280 1030 2309 verba
1046 2279 1172 2318 saepius
1182 2279 1265 2308 inter
1280 2289 1312 2308 se
1329 2281 1511 2317 permutan-

838 2325 898 2351 tur.
921 2321 960 2350 ef.
978 2321 1118 2351 Gronov.
1141 2321 1273 2351 Observ.
1290 2322 1331 2350 ad
1348 2319 1417 2350 Liv.
1435 2319 1511 2348 xliv.

881 2414 900 2444 9
924 2405 1025 2434 Nullo
1050 2406 1174 2441 verius]
1210 2404 1261 2433 De
1291 2402 1396 2441 ellipsi
1429 2401 1513 2431 vocis

840 2447 913 2476 loco.
937 2447 976 2475 cf.
1005 2446 1112 2475 Sanct.
1135 2446 1168 2474 in
1196 2445 1333 2474 Minerv.
1358 2444 1398 2473 iv.
1427 2454 1455 2480 4.
1484 2453 1510 2472 v.

837 2489 949 2517 Locus.
990 2487 1115 2516 Eodem
1132 2487 1213 2516 refer
1229 2491 1336 2516 tenere
1350 2496 1382 2515 se
1399 2487 1434 2514 in
1444 2486 1512 2523 pri-

838 2533 920 2564 vato,
931 2529 970 2558 de
979 2538 1042 2566 quo
1057 2528 1128 2558 vide
1142 2528 1330 2558 Gronov.ad
1342 2526 1411 2557 Liv.
1423 2526 1511 2557 xxiii.

841 2578 866 2608 7.
894 2571 1008 2600 DRAK.

886 2621 896 2641 1
924 2613 978 2641 Em
991 2612 1049 2641 mei
1062 2611 1345 2648 anirnisententia]
1374 2610 1513 2649 Ellipsin

840 2653 926 2683 vocis
942 2654 1013 2683 iuro
1028 2653 1060 2682 111
1078 2653 1138 2682 hac
1159 2653 1381 2691 similibusque
1397 2653 1512 2682 sollen-

840 2695 996 2733 nibusque
1019 2695 1173 2731 formulis,
1195 2699 1320 2733 praeter
1338 2695 1409 2724 loca
1431 2705 1514 2733 quae

841 2737 981 2767 Gronov.
1007 2737 1039 2766 111
1066 2737 1197 2767 01150113
1220 2736 1260 2768 iv.
1289 2747 1334 2773 14.
1358 2737 1513 2771 laudavit,

841 2779 983 2818 lapidem
1008 2789 1060 2818 ap.
1087 2779 1228 2809 Fabrett.
1255 2779 1355 2809 Inscr.
1382 2789 1412 2818 p.
1439 2777 1510 2817 675.

841 2821 1028 2851 confirmare
1045 2821 1136 2851 docet
1156 2821 1257 2850 Drak.

1523 199 1560 228 ΙῙ,
1579 201 1615 228 (“,
1641 200 1710 236 536.

1520 244 1555 270 Ᾱ.
1581 244 1606 267 (’
1646 243 1710 269 lif».

1587 534 1603 569 »ι

1610 536 1633 569 ἐξ

1520 998 1708 1027 Coniuratis,

1519 1041 1713 1070 deserendae

1522 1083 1582 1112 Ital
1590 1083 1637 1111 iae

1520 1136 1625 1154 causa.

1522 1679 1550 1708 A
1567 1678 1718 1717 Scipione

1521 1721 1723 1760 opprimitur.
