1871 3178
554 90 675 130 LIB.
713 92 877 133 xxvi.
926 94 1070 135 (JAP.
1106 100 1170 136 51.
1464 107 1546 143 :3:39

161 171 280 225 quies
301 173 418 214 data:
453 177 601 231 quinto
634 179 782 219 iterum
816 181 855 220 iu
889 183 1010 221 armis
1031 183 1250 224 decursum
1277 197 1348 227 est.
1414 189 1540 231 Hunc
1561 204 1655 236 15.st
1679 216 1750 244 5⁴²·

160 227 348 269 ordinem
379 231 526 272 laboris
548 235 797 290 quietisque,
821 239 958 291 quoad
983 239 1237 295 Carthagine
1261 246 1404 283 morati
1429 257 1537 296 sunt,
1554 247 1591 276 A.
1617 250 1654 278 C·
1680 259 1748 279 2¹0·

159 297 384 328 servarunt.
451 290 688 344 Remigium
711 293 950 349 classicique
983 296 1147 345 milites,
1172 300 1394 353 tranquillo
1419 302 1456 341 in
1481 304 1538 343 al-

159 348 247 381 tum
279 346 423 391 evecti,
457 348 682 401 agilitatem
722 351 888 390 naviiun
926 352 1154 393 simulacris
1188 356 1341 396 navalis
1374 373 1535 412 pugnae

156 401 490 452 experiebantur.
556 405 673 445 llaec
695 416 811 446 extra
838 408 979 448 urbem
1013 419 1120 450 terra
1150 413 1336 467 marique
1367 430 1537 470 corpora

155 454 276 495 simul
310 459 552 514 animosque
585 462 636 501 ad
668 463 819 503 bellum
850 466 1066 506 acuebant.
1133 468 1242 507 srlis
1268 470 1355 524 ipsa
1380 480 1535 527 strepe-

155 510 223 551 bat
245 525 442 568 apparatu
467 517 576 565 belli,
598 519 721 559 fabris
743 521 927 561 onmium
959 538 1159 577 generum
1188 525 1228 564 in
1260 527 1426 581 publica
1447 530 1535 569 offi-

153 568 248 608 cina
287 570 462 612 inclusis.
527 574 627 614 Dux
664 586 813 617 cuncta
851 579 938 632 pari
974 595 1072 620 cura
1108 582 1258 622 obibat.
1323 584 1450 625 Nunc
1491 588 1533 626 in

152 624 279 665 classe
316 643 362 667 ac
397 630 529 670 navali
565 642 673 671 erat:
713 648 825 673 nune
859 650 953 675 cum
991 636 1223 689 legionibus
1260 640 1529 682 decurrebat:

153 695 266 722 nunc
298 686 490 738 operibus
521 688 768 742 aspiciendis
800 699 963 746 tempus
988 690 1124 742 dabat,
1148 711 1338 751 quaeque
1371 698 1413 737 in
1446 700 1533 739 offi-

151 738 268 787 cinis,
286 755 476 796 quaeque
500 743 541 782 in
565 748 881 787 armamentario
898 764 944 789 ac
962 750 1173 791 navalibus
1195 753 1402 794 fabrorum
1426 756 1532 796 mul-

151 794 287 835 titudo
316 797 493 851 plurima
524 801 565 840 in
597 802 780 855 singulos
802 804 890 845 dics
911 808 1136 848 certamine
1159 809 1319 864 ingenti
1341 812 1527 854 faciebat.

117 849 231 891 4IIis
265 853 319 893 ita
353 854 566 904 inchoati&
602 859 861 915 refectisque,
895 878 977 917 qua
1008 867 1186 918 quassati
1221 876 1350 915 erant,
1389 870 1705 918 muris,1tTarra-

149 907 440 965 dispositisque
463 915 676 968 praesidiis
697 917 749 956 ad
771 920 999 959 custodiam
1024 922 1147 971 urbis,
1167 923 1445 966 Tarraconem
1469 937 1528 967 est
1543 933 1665 953 eonem.

148 965 368 1018 profectus,
387 985 409 1008 a
428 970 566 1011 nmltis
587 971 863 1027 legationibus
884 977 1073 1031 protinus
1094 979 1137 1018 in
1158 981 1224 1020 via
1244 981 1398 1022 aditus:
1425 999 1529 1037 quas

147 1022 296 1075 partim
315 1024 412 1065 dato
434 1041 630 1082 responso
652 1045 704 1070 ex
726 1031 874 1072 itiiiere
892 1033 1061 1083 dimisit,
1080 1039 1229 1090 partim
1248 1038 1410 1079 distulit
1425 1039 1528 1080 Tar-

146 1092 353 1129 raconem,
382 1098 464 1137 quo
496 1086 688 1126 omnibus
719 1089 835 1127 novis
866 1091 1158 1146 veteribusque
1190 1095 1309 1134 sociis
1340 1095 1528 1138 edixerat

146 1146 410 1179 conventum.
476 1140 531 1181 Et
561 1144 700 1183 cuncti
731 1144 829 1193 fere,
853 1147 924 1200 qui
957 1148 1014 1187 cis
1037 1149 1203 1189 Iberum
1231 1151 1430 1201 incolunt,
1453 1169 1526 1208 po-

113 1196 132 1227 5
147 1191 248 1246 puli,
272 1194 391 1234 multi
413 1197 537 1236 etiam
560 1199 764 1239 ulterioris
794 1203 1030 1256 provinciae
1059 1218 1356 1248 convenerunt.
1422 1210 1526 1250 Car-

146 1247 469 1303 thaginiensium
493 1254 620 1295 duces
641 1257 775 1310 primo
797 1274 848 1297 ex
871 1259 1071 1301 industria
1089 1263 1237 1303 t'amam
1260 1276 1403 1320 captae
1422 1266 1525 1307 Car-

146 1305 326 1360 thaginis
351 1322 704 1365 compresserunt:
739 1314 904 1363 deinde,
929 1326 974 1357 ut
1004 1318 1152 1359 clarior
1182 1336 1245 1361 res
1276 1333 1375 1371 erat,
1399 1338 1525 1377 quam

145 1370 191 1401 ut
222 1364 306 1417 tegi
338 1380 384 1405 ae
413 1366 661 1409 dissimulari
692 1381 842 1425 posset,
867 1373 1083 1415 elevabant
1104 1377 1248 1418 verbis.
1313 1384 1323 1401 ⁶
1342 1379 1525 1435 Necopi-

146 1423 157 1440 ‘
173 1429 270 1459 nato
292 1421 473 1463 adventu
500 1439 546 1464 ac
577 1441 705 1481 prope
727 1428 837 1469 furto
859 1430 981 1469 unius
1003 1431 1086 1471 diei
1110 1434 1253 1473 urbem
1279 1450 1402 1475 unam
1426 1436 1525 1477 His-

145 1479 157 1497 ‘
172 1477 319 1530 paniae
343 1479 627 1536 interceptam.
693 1484 826 1525 Cuius
852 1487 910 1526 rei
940 1496 1022 1526 tam
1054 1503 1203 1543 parvae
1234 1492 1419 1545 praemio
1440 1493 1524 1533 ela-

110 1532 156 1562 6‘
174 1540 261 1573 tum
284 1534 530 1578 insolentem
558 1539 763 1589 iuvenem,
789 1541 1011 1583 immodico
1042 1546 1195 1599 gaudio
1226 1549 1405 1602 speciem
1438 1565 1524 1591 ma-

145 1594 277 1644 ‘gnae
310 1592 504 1634 victoriae
539 1595 792 1650 imposuisse.
855 1600 927 1647 At,
963 1601 1034 1640 ubi
1071 1605 1405 1659 appropinquare
1442 1616 1523 1647 tres

145 1646 311 1696 ‘dut-cs,
341 1658 422 1689 tres
452 1651 627 1692 victores
658 1653 839 1694 hostium
871 1658 1078 1698 exercitus
1109 1660 1303 1710 audisset,
1331 1678 1523 1703 occursu-

143 1707 155 1725 ‘
170 1717 256 1743 rain
297 1705 335 1745 ei
382 1708 593 1763 extemplo
641 1709 963 1753 domesticorum
1010 1715 1204 1756 funerum
1255 1720 1523 1761 memoriam.'

142 1758 261 1801 Haec
282 1761 325 1801 in
347 1763 493 1818 vulgus
515 1765 734 1816 iactabant,
758 1768 1083 1826 haudquaquam
1114 1773 1193 1828 ipsi
1221 1775 1367 1829 ignari,
1390 1792 1522 1831 quan-

139 1824 228 1856 tum
249 1818 327 1859 sibi
353 1820 405 1860 ad
428 1822 568 1862 omnia
588 1823 750 1873 virium,
777 1825 1034 1883 Carthagine
1056 1830 1214 1879 amissa,
1238 1831 1490 1874 decessisset.

181 1960 200 1985 4
224 1951 296 1986 Qua
325 1954 467 1990 quassati
497 1955 606 1991 erunt]
644 1955 740 1986 Hane
764 1958 806 1986 lc<
852 1958 950 1989 ferme
975 1960 1168 1998 Gronovius,
1191 1964 1245 1993 sed
1274 1964 1426 1994 Dukerus
1449 1977 1520 2005 pro<

136 1989 290 2028 ctionem,
316 1997 350 2021 ut
371 2003 453 2031 quae
477 1996 517 2024 ad
544 1997 613 2026 cod.
638 1998 710 2028 Put.
734 1999 806 2027 seri·
852 2002 988 2031 rim-iam
1007 2003 1057 2032 hic
1074 2003 1116 2033 ita
1130 2004 1192 2034 diei
1210 2010 1328 2043 censet,
1341 2011 1375 2036 ut
1393 2017 1520 2037 omnem

139 2035 266 2069 pturam
293 2035 439 2072 proprius
468 2038 612 2071 accedat,
639 2049 694 2077 pro
723 2041 805 2078 vulg.
852 2043 1023 2080 regionem,
1056 2045 1088 2074 in
1125 2055 1187 2083 qua
1225 2048 1346 2076 bellum
1382 2053 1520 2086 geratur,

137 2083 201 2111 qua
220 2077 327 2112 quassi
348 2082 452 2113 erant,
468 2081 684 2116 reponendam
703 2082 805 2111 conie-
851 2083 1014 2121 significet.

138 2113 181 2143 eit
197 2115 335 2146 Crevier.
892 2125 910 2155 6
936 2128 1102 2157 [inmodico
1122 2131 1257 2167 ῃαιιτίἱο]
1287 2131 1349 2160 Per
1373 2131 1517 2161 immodi-

181 2165 197 2195 5
226 2159 393 2189 Cllerioris
415 2163 614 2201 prot-inciae]
651 2164 804 2194 Nondum
851 2177 923 2196 cum
953 2169 1117 2206 gaudium,
1144 2182 1207 2208 quo
1233 2173 1435 2211 Carthaginis
1465 2185 1517 2203 ex-

139 2197 299 2237 Hispania
315 2202 444 2231 ulterior
455 2203 538 2233 inter
553 2205 730 2243 provincias
742 2207 805 2236 Ro·
851 2211 1078 2247 pugnationem
1105 2213 1297 2249 celebrabat,
1320 2215 1460 2245 effecisse
1484 2222 1518 2245 ut

137 2249 248 2270 manas
264 2247 340 2273 erat.
386 2244 448 2274 Sed
470 2250 525 2275 aut
547 2256 584 2275 eo
606 2248 733 2286 respicit
754 2249 804 2278 Li·
851 2261 898 2280 res
928 2261 984 2289 per
1013 2264 1045 2282 se
1080 2264 1174 2291 parva
1211 2257 1350 2294 speeiem
1384 2268 1518 2295 magnae

138 2282 217 2318 vius,
236 2285 319 2321 quod
346 2285 479 2315 Publius
502 2288 692 2328 Gnaeusque
717 2296 806 2328 pater
851 2292 999 2323 victoriae
1017 2295 1131 2325 habere
1146 2297 1321 2328 videretur:
1343 2299 1416 2337 quia
1431 2310 1517 2328 nem-

136 2327 167 2353 et
185 2330 316 2363 patruus
335 2327 472 2357 Africani
489 2340 557 2358 eam
576 2331 639 2360 fere
656 2331 717 2361 iam
737 2343 804 2370 pro-
851 2344 890 2372 pe
907 2335 938 2364 id
956 2346 1082 2366 necesse
1098 2344 1164 2367 erat
1182 2349 1331 2377 inagnum
1352 2341 1460 2373 videri,
1477 2342 1516 2371 de

138 2365 273 2395 vinciam
302 2367 453 2405 fecerant,
482 2376 537 2400 aut
569 2373 669 2402 utitur
699 2374 803 2411 phrasi
849 2387 911 2413 quo
931 2381 995 2406 tam
1021 2379 1227 2409 immodicum
1252 2382 1402 2419 gaudium
1425 2388 1514 2414 esset.

135 2418 192 2437 suo
223 2410 357 2448 tempori
390 2412 655 2444 convenientiore.
713 2416 804 2446 Ilaec
849 2420 952 2448 Cum.
