1877 3178
912 93 1059 135 ΤΙΤΙ
1096 94 1275 136 LIVII

190 189 233 220 U.
251 190 288 220 C.
312 198 382 230 549·
399 187 409 204 ‘
427 181 601 222 modicis
616 180 834 222 itineribus
850 183 995 237 posse.’
1055 183 1325 224 Assentiente
1343 183 1500 233 Laelio,
1518 198 1781 240 praegressus

188 232 227 262 A.
252 233 289 263 C.
313 242 383 273 ²03·
401 237 575 287 Cirtam,
599 239 760 280 evocari
782 239 834 279 ad
855 239 1110 295 colloquium
1139 240 1347 296 principes
1371 240 1628 281 Cirtensium
1649 241 1776 282 iubet.

401 295 485 336 Sed
506 296 618 351 apud
639 296 802 352 ignaros
830 297 938 351 regis
965 312 1095 345 casus,
1118 312 1256 352 neque
1279 313 1384 353 quae
1407 307 1498 338 acta
1518 306 1654 338 essent
1684 313 1781 354 pro-

397 353 563 402 mendo,
595 368 673 393 1100
704 354 839 402 minis,
871 368 949 394 nec
985 354 1211 403 suadendo,
1243 364 1339 395 ante
1370 354 1511 404 valuit,
1545 370 1670 410 quam
1705 369 1780 395 rex

397 410 561 450 vinctus
596 411 638 450 in
673 418 941 466 conspectum
975 411 1096 451 datus
1132 419 1203 452 est.
1268 412 1380 452 Tum
1413 412 1466 452 ad
1497 412 1779 467 spectaculum

397 474 481 507 tam
514 467 683 507 foedum
719 467 988 523 comploratio
1020 477 1133 508 orta:
1177 476 1219 508 et
1248 469 1399 524 partim
1432 484 1582 524 pavore
1615 468 1781 509 moenia

398 531 496 564 sunt
523 523 696 573 deserta,
719 526 869 580 partim
898 525 1117 580 repentino
1146 540 1350 566 consensu
1378 526 1551 581 gratiam
1577 525 1688 581 apud
1718 525 1781 565 vi-

397 589 554 621 ctorem
569 582 859 636 quaerentium
876 582 1104 637 patefactae
1122 591 1276 637 portae.
1341 582 1398 623 Et
1415 582 1647 631 Masinissa,
1662 597 1780 638 prae-

398 637 503 678 sidio
531 638 639 678 circa
666 648 803 694 portas
831 648 1149 694 opportunaque
1181 640 1394 680 moenium
1423 639 1604 688 dimisso,
1627 654 1679 680 ne
1712 639 1780 680 cui

396 694 519 750 fugae
549 704 711 751 pateret
741 696 890 745 exitus,
921 697 973 736 ad
1004 697 1159 751 regiam
1191 696 1478 752 occupandam
1509 697 1634 737 citato
1665 696 1781 736 vadit

397 765 517 806 equo.
581 752 757 793 Intranti
776 753 1025 794 vestibulum
1048 754 1089 793 111
1112 754 1200 809 ipso
1215 753 1358 794 limine
1384 753 1656 809 Sophonisba,
1674 767 1782 793 uxor

401 807 614 864 Syphacis,
647 809 732 850 filia
763 809 1038 851 Hasdrubalis
1073 810 1220 859 Poeni,
1253 811 1452 851 occurrit:
1487 819 1542 859 et,
1574 825 1705 866 quum
1736 809 1781 849 in

399 866 536 906 medio
577 867 741 921 agmine
789 876 1041 908 armatorum
1082 867 1347 908 Masinissam
1386 868 1606 922 insignem,
1649 881 1781 922 quum

398 922 532 971 armis,
551 931 640 963 tum
662 932 800 963 cetero
822 923 978 973 habitu,
997 925 1451 979 conspexisset,f1·egem
1472 939 1558 965 esse
1581 924 1643 978 (id
1666 923 1782 979 quod

397 978 507 1033 erat)
548 988 646 1028 rata,
688 980 866 1034 genibus
906 980 1102 1021 advoluta
1141 981 1252 1021 eius:
1298 981 1481 1022 ‘Omnia
1520 981 1693 1036 quidem
1734 988 1811 1028 ut5

397 1041 564 1091 ‘posses
595 1036 639 1076 in
669 1036 800 1085 nobis,
833 1036 891 1076 dii
922 1037 1142 1086 dederunt,
1175 1037 1388 1093 virtusque
1420 1047 1462 1078 et
1491 1038 1665 1078 felicitas
1695 1046 1778 1078 tua.

398 1098 409 1115 ⁶
426 1092 522 1141 Sed,
541 1093 574 1133 si
596 1093 782 1148 captivae
804 1093 917 1149 apud
938 1094 1157 1135 dominum
1173 1094 1281 1135 vitae
1298 1095 1495 1150 necisque
1518 1109 1614 1135 suae
1635 1109 1782 1135 vocem

398 1150 656 1205 ‘supplicem
687 1151 852 1191 mittere
884 1151 994 1200 licet,
1027 1152 1060 1191 si
1089 1167 1240 1207 genua,
1272 1152 1305 1192 si
1331 1152 1543 1192 victricem
1577 1152 1781 1206 attingere

398 1212 410 1230 ‘
422 1207 626 1255 dextram,
650 1222 796 1262 precor
816 1223 1053 1264 quaesoque
1075 1223 1150 1264 per
1169 1208 1426 1249 maiestatem
1447 1209 1616 1263 regiam,
1634 1208 1678 1248 in
1699 1223 1783 1263 qua

399 1264 562 1320 ‘paullo
593 1273 688 1305 ante
720 1280 795 1305 nos
826 1280 994 1320 quoque
1027 1266 1194 1314 fuimus,
1225 1281 1301 1321 per
1329 1266 1466 1321 gentis
1498 1265 1782 1306 Numidarum

399 1326 410 1344 ‘
426 1336 593 1370 nomen,
612 1321 725 1376 quod
748 1322 822 1362 tibi
839 1337 935 1363 cum
960 1322 1149 1378 Syphace
1167 1338 1387 1363 commune
1404 1323 1494 1371 fuit,
1513 1338 1587 1378 per
1608 1323 1780 1363 huiusce

399 1379 560 1434 ‘regiae
589 1378 702 1427 deOS,
732 1379 804 1434 qui
834 1388 874 1419 te
903 1379 1142 1420 melioribus
1171 1380 1379 1420 ominibus
1406 1380 1624 1435 accipiant,
1654 1394 1781 1435 quam

399 1440 410 1458 ‘
429 1435 664 1492 Syphacem
700 1436 798 1476 hinc
830 1437 1043 1486 miserunt,
1075 1437 1183 1477 hanc
1214 1437 1378 1477 veniam
1409 1437 1585 1492 supplici
1616 1437 1702 1486 des,
1734 1443 1781 1476 ut

398 1492 524 1548 ‘ipse,
548 1492 832 1548 quodcunque
860 1494 941 1534 fert
971 1494 1145 1543 animus,
1175 1494 1227 1534 de
1256 1494 1419 1550 captiva
1446 1503 1611 1543 statuas,
1641 1508 1779 1549 neque

399 1554 409 1572 ‘
425 1564 490 1590 me
513 1550 557 1589 in
577 1550 823 1606 cuiusquam
848 1550 1030 1591 Romani
1055 1551 1279 1607 superbum
1301 1567 1348 1592 ac
1374 1551 1542 1592 crudele
1564 1551 1780 1592 arbitrium

399 1611 410 1629 ‘
424 1607 563 1646 venire
578 1607 697 1647 sinas.
764 1607 807 1647 Si
828 1608 933 1647 nihil
950 1608 1075 1657 aliud,
1094 1623 1220 1663 quam
1244 1607 1446 1664 Syphacis
1462 1623 1579 1657 uxor,
1595 1608 1778 1657 fuissem,

399 1668 564 1703 ‘tamen
596 1663 822 1712 Numidae,
855 1673 979 1719 atque
1011 1666 1054 1705 111
1086 1665 1232 1705 eadem
1264 1679 1427 1706 mecum
1460 1666 1605 1706 Africa
1634 1665 1778 1721 geniti,

399 1725 553 1774 ‘quam
600 1719 857 1775 alienigenae
899 1731 941 1760 et
988 1722 1163 1770 externi,
1205 1721 1333 1762 fidem
1379 1723 1559 1777 experiri
1600 1722 1776 1762 mallem.

398 1781 410 1799 ‘
427 1776 545 1824 Quid
569 1775 907 1832 Carthaginiensi
935 1778 986 1817 ab
1014 1778 1219 1826 Romano,
1242 1778 1345 1832 quid
1373 1779 1483 1819 filiae
1506 1778 1780 1819 Hasdrubalis

399 1833 658 1874 ‘timendum
684 1833 748 1882 sit,
772 1833 898 1874 vides.
964 1834 1008 1874 Si
1029 1833 1143 1874 nulla
1173 1834 1253 1874 alia
1272 1849 1315 1874 re
1336 1843 1465 1889 potes,
1490 1844 1621 1876 morte
1644 1850 1709 1876 me
1732 1843 1780 1875 ut

399 1895 411 1914 ‘
427 1890 611 1930 vindices
627 1891 678 1930 ab
697 1890 983 1931 Romanorum
1001 1891 1182 1939 arbitrio,
1198 1906 1269 1931 oro
1287 1892 1580 1948 obtestorque.’
1630 1892 1780 1932 Forma

397 1955 484 1987 erat
515 1947 688 2001 insignis
721 1955 762 1987 et
792 1947 1085 1988 florentissima
1115 1958 1237 1988 aetas,
1300 1947 1448 2003 Itaque
1478 1964 1607 2004 quum
1639 1949 1778 1998 modo,

396 2003 586 2044 dextram
627 2003 894 2058 amplectens,
930 2004 973 2043 in
1006 2004 1062 2052 id,
1100 2019 1152 2045 ne
1194 2004 1263 2045 cui
1303 2004 1496 2046 Romano
1531 2006 1777 2055 traderetur,

395 2060 523 2101 fidem
551 2068 806 2115 exposceret,
829 2061 1082 2116 propiusque
1110 2061 1331 2102 blanditias
1359 2062 1488 2103 oratio
1510 2071 1629 2112 esset,
1652 2077 1780 2118 quam

396 2132 563 2173 preces3
596 2132 681 2157 non
710 2117 754 2157 in
782 2118 1107 2158 misericordiam
1136 2118 1260 2159 modo
1285 2118 1500 2175 prolapsus
1527 2129 1589 2160 est
1616 2120 1779 2160 animus

395 2175 576 2223 victoris,
607 2174 680 2214 sed
704 2174 772 2228 (ut
800 2183 862 2215 est
881 2190 1013 2229 genus
1043 2175 1325 2215 Numidarum
1353 2176 1394 2216 in
1419 2176 1631 2217 Venerem
1659 2191 1779 2232 prae-

395 2230 512 2286 ceps)
533 2246 671 2272 amore
694 2232 880 2286 captivae
903 2232 1034 2272 victor
1054 2240 1210 2287 captus,
1234 2232 1331 2272 data
1351 2232 1498 2274 dextra
1519 2234 1563 2273 in
1584 2233 1640 2282 id,
1663 2233 1811 2288 quod6

395 2288 626 2343 petebatur,
663 2287 908 2343 obligandae
944 2289 1056 2337 fidei,
1088 2289 1133 2328 in
1166 2289 1320 2344 regiam
1354 2290 1557 2331 concedit.
1620 2289 1779 2331 Institit

395 2344 548 2385 deinde
570 2353 761 2400 reputare
782 2360 923 2386 secum
944 2345 1045 2401 ipse,
1064 2345 1418 2401 quemadmodum
1439 2347 1629 2402 promissi
1649 2347 1779 2388 fidem

395 2409 630 2456 praestaret.
696 2401 825 2449 Quod
844 2417 975 2460 quum
997 2402 1194 2458 expedire
1213 2418 1298 2444 non
1312 2412 1462 2459 posset,
1484 2404 1535 2445 ab
1556 2418 1694 2444 amore
1716 2412 1777 2445 te-

395 96 477 133 514

188 815 361 855 Sophonis-

188 859 228 888 ba
244 858 341 888 Masi-

186 900 289 930 nissae
304 911 377 940 sup-

186 942 295 981 plicat.

440 2537 455 2567 5
485 2531 527 2560 Ut
544 2540 649 2568 posses
665 2531 700 2559 in
716 2530 819 2567 nobis]
846 2531 887 2559 In
903 2539 958 2559 nos
974 2539 1063 2568 repo-

396 2571 537 2601 nendum
558 2572 671 2601 suadet
687 2571 826 2602 Crevier.
844 2572 897 2601 sed
915 2572 1065 2610 exempla

396 2613 490 2650 plura
519 2613 601 2642 sexti
628 2612 717 2644 cassis
747 2613 893 2643 similiter
921 2613 1064 2652 usurpati

396 2655 481 2692 apud
497 2654 625 2684 Livium
642 2659 778 2686 exstant.
804 2655 843 2686 cs.
861 2666 945 2694 supr.
959 2655 1001 2686 iii.
1017 2663 1062 2694 17.

399 2706 424 2724 v.
444 2695 492 2732 36.
517 2696 625 2726 xxviii.
644 2707 693 2735 43.

439 2736 458 2765 6
480 2740 597 2768 Amore
625 2741 773 2777 captivae
804 2741 903 2770 victor
929 2739 1059 2779 eaptus]

400 2777 469 2806 lam
504 2780 739 2810 observavimus
773 2792 812 2811 ex
843 2781 994 2820 Appiano
1022 2783 1063 2812 acl

398 2819 505 2849 xxviii.
539 2820 582 2850 16.
612 2822 847 2860 Sophonisbam
873 2823 1062 2853 Masinissae

1109 2531 1270 2568 quondam
1293 2532 1483 2570 desponsam
1499 2531 1604 2562 fuisse.
1651 2531 1777 2561 Erravit

1108 2571 1163 2602 1110
1184 2573 1313 2611 quidem
1336 2573 1419 2603 circa
1441 2577 1568 2612 tempus
1590 2573 1775 2612 nuptiarum

1110 2615 1330 2653 Sophonisbae
1354 2626 1427 2645 cum
1453 2616 1620 2654 Syphace:
1647 2616 1703 2646 sed
1727 2626 1775 2646 ce-

1109 2660 1177 2686 tera
1195 2667 1269 2686 vera
1289 2667 1356 2687 esse
1376 2657 1456 2687 nihil
1474 2661 1570 2688 vetat.
1616 2658 1655 2687 Id
1676 2657 1700 2687 si
1721 2658 1775 2688 ad-

1108 2698 1265 2735 mittatur,
1283 2699 1389 2729 minus
1411 2699 1526 2729 mirum
1550 2699 1609 2729 erit
1632 2700 1774 2729 nondum

1108 2740 1238 2770 fortasse
1268 2741 1364 2779 plane
1392 2741 1582 2771 exstinctam
1609 2742 1641 2771 in
1667 2741 1775 2771 animo

1109 2782 1298 2813 Masinissae
1321 2784 1483 2813 flammam
1505 2784 1537 2813 111
1558 2787 1679 2814 veteres
1696 2783 1775 2813 vires

1107 2824 1212 2854 subito
1228 2825 1441 2857 resurrexisse.
1466 2825 1571 2858 (ἷκεν.
