1877 3178
360 112 441 148 542
875 108 1023 150 TITl
1060 109 1237 150 LIVII

153 202 195 232 U.
214 204 250 232 C.
274 213 345 241 550·
358 198 441 237 sica
461 197 504 236 in
529 196 763 238 Sardiniam
786 197 954 238 traiecit.
1000 198 1064 238 Ibi
1085 206 1348 253 superantem
1371 198 1544 240 Insanos
1563 208 1738 249 montes,

150 245 189 274 A.
215 245 252 274 C.
276 253 489 293 ²0²·mult0
525 262 567 293 et
602 255 761 294 saevior
795 262 837 294 ct
877 254 1155 295 infestioribus
1190 255 1290 295 locis
1327 263 1547 310 tempestas
1582 256 1737 305 adorta,

358 310 523 350 disiecit
563 310 743 351 classem.
809 310 971 351 Multae
1008 320 1222 365 quassatae
1258 312 1606 367 armamentisque
1647 327 1740 367 spo-

358 366 479 407 liatae
521 382 670 406 naves:
724 367 929 422 quaedam
965 368 1128 408 fractae.
1192 367 1256 408 Ita
1290 377 1438 408 vexata
1477 383 1523 408 ac
1563 368 1740 409 lacerata

358 423 496 463 classis
540 423 708 463 Carales
749 424 894 463 tenuit.
958 424 1043 463 Ubi
1085 424 1186 463 dum
1229 424 1455 464 subductae
1496 425 1740 465 reficiuntur

357 495 494 527 naves,
522 480 654 520 hiems
685 480 912 535 oppressit:
947 480 1327 535 circumactumque
1357 481 1455 520 anni
1483 489 1658 536 tempus,
1681 489 1736 530 et,

357 536 472 575 nullo
504 546 750 591 prorogante
783 537 1015 591 imperium,
1039 537 1222 591 privatus
1250 537 1315 577 Ti.
1340 537 1542 577 Claudius
1566 537 1738 577 classem

359 592 538 632 Romam
572 593 751 633 reduxit.
814 593 875 633 M.
911 592 1119 641 Servilius,
1153 608 1205 633 ne
1238 593 1501 633 comitiorum
1534 608 1656 633 causa
1685 593 1738 634 ad

356 649 501 688 urbem
529 658 801 697 revocaretur,
825 650 1025 690 dictatore
1058 650 1171 690 dicto
1203 649 1252 690 C.
1275 650 1450 690 Servilio
1475 649 1671 698 Gemino,
1693 650 1768 696 in7

355 706 611 758 provinciam
651 714 713 746 est
752 706 970 761 profectus.
1034 705 1226 747 Dictator
1265 707 1506 761 magistrum
1547 706 1738 761 equitum

356 761 402 800 P.
429 761 598 802 Aelium
636 762 812 802 Paetum
846 763 963 802 dixit.
1029 762 1161 817 Saepe
1198 763 1367 803 comitia
1402 762 1559 802 indicta
1593 762 1738 817 perfici

356 826 621 872 tempestates
670 819 984 873 prohibuerunt.
1060 819 1221 873 Itaque,
1273 834 1403 873 quum
1452 819 1587 873 pridie
1637 818 1738 859 Idus

356 872 530 914 Martias
571 883 728 914 veteres
774 875 1014 929 magistratu
1059 876 1251 923 abissent,
1294 876 1390 915 novi
1440 875 1602 915 suffecti
1651 889 1738 915 non

355 939 504 978 essent,
528 930 760 984 respublica
781 931 868 970 sine
891 931 1103 970 curulibus
1124 932 1428 985 magistratibus
1450 940 1548 971 erat.

413 986 463 1025 Τ.
489 986 675 1025 111311Ιί115
710 986 949 1040 Torquatus
984 987 1173 1041 pontifex
1210 1002 1258 1027 eo
1295 1002 1404 1027 anno
1441 998 1653 1028 mortuus:
1692 987 1737 1028 in

354 1042 491 1081 locum
523 1042 611 1082 eius
642 1043 838 1082 suffectus
874 1042 922 1082 C.
951 1042 1158 1097 Sulpicius
1192 1042 1336 1083 Galba.
1400 1044 1469 1083 Ab
1501 1044 1549 1084 L.
1570 1044 1736 1084 Licinio

355 1098 533 1138 Lucullo
563 1107 603 1138 et
628 1098 680 1146 Q.
701 1098 846 1139 Fulvio
872 1099 1075 1139 aedilibus
1103 1099 1315 1139 curulibus
1344 1099 1432 1139 ludi
1466 1099 1647 1140 Romani
1675 1108 1738 1140 ter

354 1155 429 1194 toti
464 1155 690 1195 instaurati.
754 1155 982 1195 Pecuniam
1015 1171 1067 1196 ex
1101 1156 1257 1196 aerario
1292 1157 1446 1196 scribae
1476 1156 1736 1211 viatoresque

353 1211 533 1251 aedilicii
555 1212 659 1252 clam
679 1212 873 1266 egessisse
895 1227 970 1267 per
991 1212 1173 1253 indicem
1190 1213 1403 1267 comperti,
1423 1213 1605 1253 damnati
1625 1220 1734 1262 sunt,

353 1283 439 1307 11011
467 1268 554 1308 51110
584 1268 754 1308 infamia
775 1268 942 1308 Luculli
971 1269 1126 1309 aedilis.
1188 1268 1235 1308 P.
1256 1269 1403 1310 Aelius
1426 1269 1594 1310 Tubero
1620 1279 1662 1310 et
1683 1269 1735 1310 L.

354 1324 571 1365 Laetorius
599 1324 752 1365 aediles
780 1325 911 1379 plebis
936 1326 1036 1365 vitio
1065 1326 1205 1374 creati,
1229 1326 1470 1379 magiStratu
1498 1341 1540 1366 se
1571 1326 1738 1366 abdica-

354 1389 464 1429 runt,
488 1396 618 1435 quum
640 1381 759 1421 ludos
780 1381 1057 1437 ludorumque
1080 1397 1202 1422 causa
1223 1382 1393 1437 epulum
1416 1382 1505 1422 Iovi
1530 1382 1735 1431 fecissent,

353 1446 395 1476 et
416 1438 532 1492 signa
554 1438 631 1478 tria
652 1453 703 1478 ex
731 1438 961 1479 multaticio
983 1447 1154 1493 argento
1175 1439 1282 1479 facta
1309 1439 1352 1478 in
1381 1438 1591 1493 Capitolio
1612 1453 1736 1494 posu-

354 1493 493 1534 issent.
559 1494 750 1535 Cerealia
785 1494 904 1535 ludos
941 1495 1117 1536 dictator
1151 1504 1194 1535 et
1231 1495 1424 1550 magister
1460 1495 1651 1550 equitum
1683 1506 1768 1536 ex8

357 1551 715 1591 senatusconsulto
736 1551 935 1591 fecerunt.

207 1608 274 1644 40.
413 1606 561 1661 Legati
612 1623 663 1647 ex
706 1608 849 1648 Africa
891 1608 1070 1648 Romani
1117 1608 1239 1648 simul
1284 1607 1735 1662 Carthaginiensesque

145 1661 341 1708 Legati‘Car-
356 1677 486 1716 quum
514 1663 723 1703 venissent
756 1664 947 1712 Romam,
975 1674 1140 1705 senatus
1171 1664 1223 1704 ad
1254 1664 1400 1704 aedem
1432 1664 1631 1704 Bellonae
1663 1665 1736 1704 ha·-

143 1703 341 1774 ἓξὲῖέἓῇξξω
355 1719 465 1758 bitus
498 1727 570 1759 est.
635 1719 721 1759 Ubi
754 1735 883 1774 quum
916 1721 964 1760 L.
985 1720 1185 1760 Veturius
1216 1720 1352 1769 Philo,
1376 1729 1607 1775 pugnatum
1639 1734 1735 1761 eum

143 1786 285 1818 veniunt.
356 1774 596 1815 Hannibale
611 1790 698 1815 esse
715 1791 907 1830 suprema
924 1776 1338 1831 Carthaginiensibus
1355 1792 1507 1831 pugna,
1523 1777 1733 1831 finemque
1747 1792 1767 1824 9

355 1831 525 1871 tandem
558 1831 723 1886 lugubri
756 1832 864 1872 bello
896 1832 1137 1887 impositum
1173 1833 1335 1886 ingenti
1372 1832 1530 1872 laetitia
1562 1832 1736 1872 Patrum

354 1888 638 1942 exposuisset3
684 1888 847 1936 adiecit,
883 1888 1127 1928 Verminam
1168 1889 1306 1937 etiam,
1347 1887 1548 1944 Syphacis
1586 1888 1734 1937 filium,

354 1959 461 1998 quae
494 1959 619 1998 parva
649 1945 756 1984 bene
790 1953 928 1999 gestae
962 1944 1020 1984 rei
1057 1944 1235 1985 accessio
1269 1953 1368 1992 erat,
1399 1945 1621 1985 devictum.
1683 1944 1736 1985 In

353 2000 595 2041 concionem
639 2001 736 2040 inde
777 2001 943 2055 prodire
984 2000 1129 2049 iussus,
1171 2001 1455 2056 gaudiumque
1496 2001 1540 2041 id
1579 2001 1736 2057 populo

353 2056 576 2111 impartire.
630 2057 742 2097 Tum
763 2066 948 2111 patuere,
970 2057 1078 2098 facta
1097 2057 1384 2112 gratulatione,
1408 2057 1548 2098 omnia
1568 2058 1613 2097 in
1633 2058 1734 2098 urbe

353 2113 521 2167 templa,
557 2113 964 2168 supplicationesque
1001 2113 1044 2153 111
1081 2114 1265 2153 triduum
1302 2114 1503 2154 decretae.
1566 2113 1735 2169 Legatis

356 2168 767 2224 Carthaginiensium
795 2178 838 2210 et
865 2169 1051 2225 Philippi
1082 2170 1189 2225 regis
1216 2170 1333 2224 (nam
1360 2170 1390 2209 ii
1416 2185 1584 2225 quoque
1609 2185 1735 2211 vene-

352 2225 465 2279 rant)
489 2226 740 2281 petentibus,
767 2235 814 2267 ut
844 2235 1010 2266 senatus
1041 2226 1118 2266 sibi
1143 2226 1324 2274 daretur,
1351 2241 1593 2280 responsum
1621 2227 1735 2267 iussu

353 2281 523 2322 Patrum
547 2283 597 2323 ab
614 2282 814 2323 dictatore
832 2291 906 2331 est,
924 2282 1113 2323 consules
1133 2297 1262 2322 novos
1283 2283 1332 2322 iis
1353 2292 1540 2322 senatum
1564 2282 1734 2323 daturos

146 2341 189 2371 ll·
209 2342 245 2372 C.
269 2350 339 2381 551·
353 2353 452 2379 esse.
503 2338 687 2380 Comitia
708 2339 805 2379 inde
827 2339 977 2379 habita.
1034 2338 1176 2379 Creati
1198 2338 1389 2379 consules
1413 2338 1492 2379 Cn.
1513 2338 1734 2379 Cornelius

145 2384 192 2454 ὲ]
209 2384 340 2456 &Off-0¹·
354 2394 574 2445 Lentulus,
597 2396 644 2436 P.
665 2395 814 2436 Aelius
835 2396 1014 2437 Paetus:
1048 2404 1271 2450 praetores,
1295 2395 1356 2435 M.
1376 2395 1522 2435 Iunius
1546 2395 1732 2444 Pennus,

144 2444 239 2503 neiis),
258 2468 294 2497 P.
353 2452 420 2491 cui
442 2467 527 2492 sors
549 2453 706 2493 urbana
727 2452 866 2492 evenit
879 2468 889 2500 3
923 2451 985 2492 M.
1004 2452 1196 2492 Valerius
1218 2451 1336 2492 Falto
1358 2451 1557 2500 Bruttios,
1577 2451 1638 2491 M.
1656 2451 1733 2491 Fa-

143 2508 238 2538 Aelio
251 2509 338 2540 Coss.
353 2508 444 2548 bius
471 2508 608 2550 Buteo
640 2508 886 2558 Sardiniam,
913 2508 960 2549 P.
981 2508 1128 2549 Aelius
1149 2508 1319 2548 Tubero
1347 2507 1529 2548 Siciliam
1556 2516 1618 2548 est
1647 2522 1733 2548 sor-

398 2652 413 2682 7
438 2647 601 2676 Dictatore
612 2647 709 2684 dicto]
732 2647 808 2677 Post
821 2647 907 2677 hune
919 2657 1020 2686 usque
1066 2647 1154 2678 Fast.
1172 2646 1213 2676 iv.
1233 2656 1302 2686 393.
1321 2649 1352 2676 et
1369 2656 1435 2684 sqq.

352 2687 392 2715 ad
406 2686 530 2724 Syllam
544 2688 715 2718 dictatores
730 2688 763 2718 in
779 2689 945 2728 republica
956 2699 1020 2718 nou
1107 2699 1125 2729 9
1148 2690 1305 2727 Suprema
1331 2688 1650 2726 Carthayiniensibus
1669 2697 1730 2726 pu-

352 2727 490 2758 fuerunt.
538 2730 622 2760 Vide
644 2730 795 2769 Pighium
818 2731 849 2760 iu
872 2731 955 2761 Ann.
976 2731 1018 2761 ad
1058 2732 1142 2769 gna]
1166 2731 1384 2769 Pugna‚quae
1400 2739 1558 2768 suprema,
1571 2732 1732 2768 postrema

351 2768 437 2797 hunc
453 2779 573 2800 annum
591 2782 621 2809 p.
641 2773 710 2802 228.
736 2773 873 2802 DUKER.
1061 2772 1122 2802 fuit
1136 2771 1464 2810 Carthaginiensibus,
1477 2771 1564 2800 bello
1579 2771 1655 2809 iam,
1667 2780 1730 2801 non

393 2810 411 2838 8
436 2810 598 2849 Cerealia]
627 2813 678 2843 De
697 2813 746 2843 his
762 2813 848 2844 ludis
864 2814 902 2845 cf.
921 2814 1015 2845 Ovid.
1061 2815 1166 2845 solum
1183 2813 1305 2852 proelio
1323 2812 1421 2844 vietis.
1446 2813 1552 2844 ΟΜΝ.
