1846 3173
124 193 166 223 U.
185 193 222 224 C.
245 193 317 233 536.

122 234 162 265 A.
186 236 223 267 C.
246 236 317 269 216.

121 643 281 682 Campani

119 686 160 714 ad
177 686 261 716 defe-

121 727 260 758 ctionem

119 773 277 807 spectant.

117 1481 149 1511 D
154 1482 191 1511 efi
195 1426 244 1512 {sn
250 1485 285 1512 nt

116 1525 157 1553 ad
176 1524 300 1554 Hanni-

114 1566 165 1595 bal
170 1576 230 1597 em.

335 100 411 137 128
846 98 993 140 ΤΙΤΙ
1031 94 1209 139 LIVII

332 191 440 241 ‘quo
473 186 680 242 Campani
710 202 795 228 non
826 203 970 243 agrum
1007 188 1152 236 solum,
1183 187 1234 227 ab
1267 186 1469 227 Romanis
1500 187 1711 242 quondam

332 247 432 297 ‘per
465 243 659 284 iniuriam
694 245 951 301 ademptum,
982 259 1239 300 recuperare,
1272 243 1345 283 sed
1379 243 1554 298 imperio
1586 244 1711 285 etiam

332 304 344 322 ⁶
359 299 503 340 Italiae
524 301 649 356 potiri
670 302 838 356 possint.
901 302 1064 342 Foedus
1086 302 1198 342 enim
1227 315 1323 341 eum
1346 299 1595 350 Hannibale,
1619 301 1712 355 qui-

331 356 432 397 ⁶bus
456 357 585 398 velint
619 358 792 413 legibUS,
814 359 1002 399 facturos.
1066 358 1220 413 Neque
1257 357 1577 397 controversiam
1609 357 1710 406 fore,

331 418 344 436 ⁶
359 414 474 467 quin,
490 429 620 469 quum
641 415 727 470 ipse
750 415 938 456 confecto
955 415 1063 456 bello
1087 413 1300 455 Hannibal
1313 414 1444 454 vietor
1464 414 1507 453 in
1525 413 1711 454 Africam

332 470 547 519 ‘decedat,
577 472 891 527 exercitumque
924 472 1128 527 deportet,
1159 471 1303 511 Italiae
1329 470 1549 525 imperium
1585 470 1712 510 Cam-

332 527 476 581 ⁶panis
506 527 789 583 relinquatur.⁷
850 528 968 569 Haee
990 529 1127 569 Virrio
1157 527 1347 582 loquenti
1368 527 1521 567 assensi
1552 542 1708 576 omnes,

331 583 389 623 ita
419 585 662 624 renuntiant
692 584 956 639 legationem,
979 586 1041 626 uti
1069 585 1253 625 deletum
1284 583 1476 624 omnibus
1503 583 1712 624 videretur

330 655 484 680 nomen
522 641 772 682 Romanum.
836 641 1061 697 Extemplo
1092 641 1232 696 plebes
1269 641 1321 681 ad
1352 640 1628 680 defectionem
1664 655 1711 681 ae

330 711 422 751 pars
453 697 584 738 maior
619 706 787 738 senatus
818 708 1015 753 spectare.
1079 698 1276 739 Extraeta
1308 706 1459 745 tamen,
1490 696 1711 737 auetorita-

329 753 438 794 tibus
459 755 681 803 seniorum,
696 770 770 810 per
790 770 942 809 paucos
963 755 1051 796 dies
1067 764 1127 796 est
1149 770 1235 795 res:
1269 762 1477 810 postremo
1497 753 1597 794 vicit
1617 769 1711 794 sen-

329 810 459 850 tentia
478 810 673 865 plurium,
691 819 738 851 ut
758 811 884 852 iidem
907 812 1044 867 legati,
1064 812 1136 867 qui
1158 812 1210 852 ad
1231 811 1443 852 consulem
1466 811 1709 850 Romanum

327 866 474 916 ierant,
492 868 544 908 ad
562 867 842 908 Hannibalem
858 869 1133 909 mitterentur.
1195 868 1292 916 Quo
1306 868 1548 923 priusquam
1565 867 1706 916 iretur,

327 931 571 978 certumque
613 925 857 965 defectionis
904 925 1123 966 consilium
1170 933 1288 973 esset,
1332 924 1511 965 Romam
1552 923 1709 979 legatos

327 979 470 1020 missos
491 996 515 1020 a
531 980 769 1036 Campanis,
793 982 835 1021 111
858 982 1105 1036 quibusdam
1127 981 1344 1022 annalibus
1364 981 1545 1029 invenio,
1567 989 1709 1035 postu-

325 1035 469 1085 lantes,
493 1045 539 1077 ut
567 1037 670 1077 alter
694 1038 837 1078 consul
873 1037 1113 1094 Campanus
1141 1039 1272 1087 fieret,
1295 1038 1327 1078 si
1355 1052 1443 1078 rem
1473 1037 1708 1078 Romanam

325 1092 511 1133 adiuvari
551 1093 717 1134 vellent.
780 1094 1074 1149 Indignatione
1111 1103 1213 1143 orta,
1243 1094 1492 1135 summoveri
1532 1109 1556 1134 a
1595 1094 1709 1134 curia

325 1148 455 1189 iussos
476 1164 586 1189 esse:
620 1151 874 1205 missumque
896 1150 1098 1200 lictorem,
1117 1152 1190 1205 qui
1211 1166 1263 1191 ex
1285 1151 1386 1191 urbe
1408 1150 1603 1191 educeret
1624 1166 1707 1199 eos,

324 1212 451 1259 atque
480 1221 529 1246 eo
555 1206 622 1246 die
651 1221 817 1247 manere
844 1215 961 1247 extra
985 1208 1089 1247 fines
1118 1207 1332 1248 Romanos
1357 1206 1530 1247 iuberet.
1595 1207 1708 1254 Quia

324 1261 448 1301 nimis
468 1277 637 1318 compar
659 1262 905 1304 Latinorum
927 1264 1139 1318 quondam
1161 1263 1382 1319 postulatio
1399 1272 1499 1312 erat,
1517 1262 1740 1306 Coelius-6

324 1333 406 1372 que
438 1327 480 1359 et
500 1319 567 1359 alii
600 1320 643 1360 id
664 1320 777 1361 haud
807 1321 896 1361 sine
929 1336 1052 1361 eausa
1083 1320 1443 1376 praetermiserant
1474 1320 1706 1376 scriptores,

324 1389 479 1429 ponere
501 1390 576 1430 pro
597 1385 709 1417 certo
731 1392 821 1417 sum
843 1378 1009 1418 veritus.
1722 1392 1738 1425 7

383 1431 532 1486 Legati
549 1433 602 1472 ad
624 1432 907 1474 Hannibalem
929 1442 1146 1483 venerunt,
1169 1449 1399 1489 pacemque
1419 1448 1515 1474 cum
1536 1448 1586 1474 eo
1607 1446 1738 1477 eon-8

324 1487 553 1529 ditionibus
592 1489 803 1530 fecerunt:
858 1496 869 1514 ⁶
886 1490 955 1531 Ne
996 1491 1088 1546 quis
1130 1491 1355 1546 imperator
1393 1490 1706 1546 magistratusve

326 1549 338 1567 ⁶
353 1543 591 1586 Poenorum
613 1546 676 1586 ius
706 1546 837 1586 ullum
859 1547 901 1586 in
923 1547 1055 1587 civem
1080 1548 1345 1603 Campanum
1372 1547 1568 1596 haberet3
1600 1562 1705 1588 neve

326 1601 453 1641 ‘civis
488 1602 729 1657 Campanus
769 1603 923 1644 invitus
958 1604 1168 1653 militaret,
1202 1619 1404 1645 munusve
1440 1604 1616 1653 saeeret3
1659 1612 1706 1645 ut

326 1663 446 1698 ‘suae
463 1658 589 1714 leges,
606 1660 669 1699 sui
691 1660 953 1715 magistratus
977 1659 1148 1716 Capuae
1170 1669 1332 1709 essent3
1365 1669 1412 1701 ut
1425 1670 1631 1701 trecentos
1652 1675 1705 1701 ex

325 1719 337 1738 ⁶
355 1714 556 1755 Romanis
584 1716 757 1771 captivis
787 1716 954 1757 Poenus
975 1717 1093 1758 daret
1127 1717 1364 1772 Campanis,
1388 1733 1491 1772 quos
1512 1718 1590 1772 ipsi
1621 1717 1705 1758 ele-

324 1777 336 1794 ‘
350 1771 532 1825 gissent3
565 1787 661 1812 eum
678 1773 828 1828 quibus
849 1773 1038 1828 equitum
1062 1773 1387 1829 Campanorum,
1403 1774 1476 1829 qui
1496 1774 1540 1813 in
1564 1773 1705 1814 Sicilia

324 1828 554 1883 ‘stipendia
583 1829 778 1878 facerent,
810 1830 1060 1884 permutatio
1090 1830 1234 1870 fieret.9
1294 1830 1411 1870 Haec
1448 1838 1590 1885 pacta:
1635 1830 1706 1871 illa

321 1884 504 1939 insuper,
527 1900 653 1940 quam
678 1901 784 1941 quae
813 1895 933 1941 pacta
961 1895 1091 1935 erant,
1113 1887 1295 1927 facinora
1325 1886 1532 1941 Campani
1559 1886 1703 1927 edide-

321 1949 430 1981 runt.
494 1941 606 1982 Nam
624 1942 851 1997 praefectos
866 1943 1024 1983 socium
1041 1943 1233 1998 civesque
1252 1943 1465 1983 Romanos
1481 1943 1593 1992 ahos,
1610 1958 1704 1999 par·
1716 1960 1735 1992 9

321 1997 396 2037 tim
417 1997 559 2053 aliquo
590 1999 761 2039 militiae
792 2014 964 2040 munere
997 2008 1231 2055 occupatos,
1253 2000 1403 2055 partim
1432 1999 1600 2055 privatis
1630 2015 1704 2041 ne-

320 2054 442 2108 gotiis
470 2055 705 2111 implicitos,
727 2055 844 2112 plebs
871 2064 1042 2112 repente
1064 2072 1207 2097 omnes
1235 2056 1567 2111 comprehensos,
1589 2056 1703 2098 velut

321 2111 532 2152 custodiae
564 2127 699 2161 causa,
721 2113 879 2153 balneis
910 2113 1069 2153 includi
1100 2113 1238 2153 iussit:
1282 2113 1366 2162 ubi,
1388 2113 1546 2153 fervore
1577 2121 1701 2169 atque

320 2175 436 2206 aestu
457 2168 595 2208 anima
615 2169 850 2218 interclusa,
872 2169 1041 2210 foedum
1062 2169 1105 2209 in
1127 2170 1299 2210 modum
1319 2169 1585 2224 exspirarent.

379 2222 442 2263 Ea
461 2238 514 2263 ne
536 2224 696 2274 fierent,
714 2240 799 2265 neu
818 2225 970 2280 legatio
992 2225 1226 2266 mitteretur
1241 2225 1295 2266 ad
1315 2225 1519 2275 Poenum,
1541 2240 1702 2267 summa

362 2344 382 2376 6
403 2346 594 2376 Latinorum
617 2347 775 2386 quondam
796 2347 986 2385 postulatio]
1033 2357 1142 2377 manos
1151 2348 1245 2384 alios]
1266 2346 1354 2377 Hine
1365 2351 1454 2387 patet
1464 2349 1642 2387 praefectos
1653 2359 1701 2380 so-

320 2387 358 2417 cf.
376 2388 470 2426 Supr.
488 2387 552 2418 viii.
570 2396 599 2426 5.
1034 2387 1130 2425 cium,
1146 2389 1200 2427 qui
1221 2389 1253 2419 111
1274 2389 1382 2419 sociali
1398 2391 1539 2420 exercitu
1563 2392 1700 2422 eundem

364 2436 379 2468 7
412 2432 538 2460 Ponere
558 2440 620 2469 pro
643 2434 726 2459 certo
751 2441 821 2459 sum
845 2431 984 2467 veritus]
1030 2430 1159 2460 honoris
1189 2441 1226 2461 ac
1253 2431 1421 2470 potestatis
1450 2434 1582 2471 gradum
1612 2437 1700 2464 tene-

319 2471 432 2501 Cicero
458 2475 565 2501 tamen
590 2481 656 2501 rem
683 2472 831 2508 affirmat,
854 2472 928 2511 Agr.
956 2472 987 2502 ii.
1032 2473 1121 2509 bant,
1147 2482 1243 2511 quem
1268 2473 1301 2503 in
1326 2474 1450 2512 legione
1474 2474 1591 2504 tribuni
1618 2475 1699 2505 mili-

321 2521 369 2551 35.
390 2515 588 2552 (ιννομῐιηίία,
604 2524 667 2553 qua
688 2525 708 2544 a
728 2515 900 2544 maioribus
920 2525 987 2544 nos-
1033 2521 1113 2551 tum,
1144 2515 1228 2544 cives
1260 2516 1425 2545 Romanos
1459 2516 1564 2547 fuisse.
1625 2518 1699 2547 Hoc

320 2556 378 2583 tris
404 2557 540 2586 alterum
562 2556 676 2595 Capua
702 2557 859 2587 consulem
880 2562 988 2595 postu-
1032 2556 1117 2586 idem
1134 2558 1267 2595 probare
1290 2557 1437 2587 videntur
1459 2558 1589 2588 nomina
1611 2569 1698 2597 prae-

320 2596 409 2625 lavit.
1030 2599 1198 2635 sectorum,
1228 2609 1309 2638 quae
1338 2600 1499 2629 interdum
1530 2604 1699 2630 occurrunt

363 2638 381 2665 8
401 2638 654 2677 Combtionihus]
673 2639 767 2669 Haec
778 2650 837 2669 vox
849 2639 892 2669 sie
902 2640 988 2670 nude
1031 2642 1117 2679 apud
1135 2641 1364 2680 Livium,quae
1375 2642 1503 2680 quidem
1520 2642 1615 2680 plane
1626 2646 1698 2671 sunt

322 2678 424 2716 posita
446 2680 595 2717 exprimit
618 2681 729 2711 foedus
752 2682 845 2711 certis
865 2681 987 2720 legibus
1030 2683 1190 2713 Romana.
1236 2682 1287 2713 Sie
1309 2683 1380 2713 infr.
1406 2684 1503 2714 xxvii.
1526 2682 1575 2713 26.
1597 2684 1697 2713 nomi-

321 2720 452 2755 sactum,
475 2731 537 2749 non
560 2721 604 2751 ita
627 2726 661 2751 ut
684 2723 718 2752 hi
741 2733 773 2753 se
800 2723 986 2762 permittant
1029 2728 1147 2754 uantur
1161 2726 1222 2755 duo
1235 2726 1391 2763 praefecti
1405 2726 1697 2761 socium,L.Aren-

321 2760 407 2790 illius
421 2761 557 2792 arbitrio.
582 2764 686 2794 szv.
1029 2767 1116 2802 nius,
1136 2771 1166 2796 et
1187 2768 1238 2796 M.
1250 2768 1389 2797 Aulius:
1414 2770 1445 2796 et
1468 2776 1517 2804 41.
1547 2768 1587 2798 P.
1602 2767 1697 2798 Clau-

362 2812 381 2842 9
406 2804 589 2841 Praefectos
614 2805 727 2836 sociam
753 2808 898 2846 civesque
926 2808 984 2837 Ro·
1029 2809 1111 2838 (Iius.
1139 2808 1242 2838 CREv.
