1825 3173
845 121 993 163 TITI
1034 119 1211 162 LIVII

113 220 156 251 U.
174 220 211 251 C.
230 228 301 259 534·
331 217 342 234 ⁶
359 226 517 252 manae.
583 211 736 252 Cetera
763 211 899 267 plana,
922 211 1121 267 proclivia
1139 210 1249 250 fore:
1284 223 1382 257 un0,
1404 215 1476 248 aut
1502 222 1712 248 summum
1728 225 1744 257 7

111 264 149 293 A.
174 263 212 294 C·
231 265 301 294 ²¹⁸·
332 274 343 292 ‘
359 269 488 309 altero
509 268 667 324 proelio
689 283 824 309 arcem
841 277 882 309 et
904 277 1029 323 caput
1049 267 1194 307 Italiae
1226 266 1269 306 in
1291 279 1417 305 manu
1439 279 1487 305 ac
1506 273 1712 320 potestate

332 325 598 366 ‘habituros’
658 325 892 366 Procedere
921 324 1019 365 inde
1046 338 1196 379 agmen
1224 321 1385 377 coepit3
1418 321 1500 361 iam
1528 321 1634 361 nihil
1658 335 1712 361 ne

330 381 517 423 hostibus
531 381 716 437 quidem,
731 390 897 437 praeter
912 396 1037 436 parva
1052 381 1161 420 furta
1173 394 1245 435 per
1261 378 1532 427 occasionem,
1548 386 1713 418 tentan-

331 439 451 479 tibus.
517 438 718 479 Ceterum
752 439 831 478 iter
859 438 1004 487 multo,
1037 452 1161 493 quam
1194 437 1238 476 in
1269 450 1439 476 ascensu
1469 434 1615 483 fuerat,
1647 434 1714 490 (ut

330 495 528 551 pleraque
547 495 722 549 Alpium
739 496 789 535 ab
807 494 927 535 Italia
947 495 1053 535 sicut
1066 494 1265 542 breviora,
1283 493 1341 533 ita
1361 491 1581 532 arrectiora
1596 490 1713 545 sunt)

329 552 539 592 difficilius
566 552 655 591 fuit.
721 551 871 592 Omnis
902 552 1014 591 enim
1041 551 1170 591 ferme
1198 550 1265 590 via
1288 563 1498 604 praeceps,
1525 555 1745 603 angusta,8

328 608 491 649 lubrica
511 617 622 649 erat:
657 617 704 649 ut
734 623 871 663 neque
903 608 1104 648 sustinere
1134 622 1175 647 se
1197 622 1221 646 a
1250 606 1366 661 lapsu
1397 613 1588 661 possent3
1620 619 1745 655 nec,9

330 666 402 720 qui
442 665 672 720 paullulum
715 665 974 713 titubassent,
1010 664 1180 704 haerere
1222 663 1362 703 afflicti
1396 662 1570 717 vestigio
1610 676 1711 710 suo3

329 721 482 776 aliique
504 737 628 776 super
649 721 760 770 alios,
780 730 821 762 et
842 722 1028 761 iumenta
1049 729 1090 761 et
1110 720 1312 768 homines,
1335 719 1584 760 occiderent.

387 778 575 819 Ventum
605 778 758 818 deinde
781 778 833 818 ad
855 778 986 818 multo
1017 777 1300 832 angustiorem
1325 791 1485 831 rupem,
1508 784 1634 830 atque
1656 774 1715 815 ita

328 835 450 876 rectis
471 835 591 883 saxis,
606 843 653 874 ut
674 850 794 890 aegre
817 835 1037 890 expeditus
1054 834 1171 874 miles
1193 833 1488 882 tentabundus,
1504 832 1714 873 manibus-

328 907 410 947 que
438 892 622 932 retinens
643 892 822 946 virgulta
850 907 896 932 ac
922 892 1068 946 stirpes
1090 891 1198 931 circa
1222 890 1468 939 eminentes,
1492 889 1713 930 demittere

328 964 414 989 sese
436 957 585 1003 posset.
648 947 812 988 Natura
828 948 943 988 locus
963 949 1045 988 iam
1066 956 1162 988 ante
1183 962 1393 1003 praeceps,
1416 947 1574 987 recenti
1595 946 1715 1001 lapsu

330 1014 462 1046 terrae
481 1005 524 1045 in
545 1005 702 1060 pedum
724 1005 836 1045 mille
859 1005 1086 1045 admodum
1108 1004 1371 1044 altitudinem
1393 1004 1592 1059 abruptus
1613 1012 1711 1043 erat.
1731 1019 1743 1039 1

329 1061 394 1102 Ibi
417 1077 560 1116 quum,
575 1062 689 1102 velut
710 1062 763 1101 ad
784 1062 911 1102 finem
931 1062 1034 1110 viae,
1053 1061 1216 1116 equites
1237 1061 1529 1109 constitissent,
1547 1059 1715 1100 miranti

330 1118 572 1167 Hannibali,
608 1133 713 1173 quae
747 1133 811 1158 res
844 1126 1074 1158 moraretur
1106 1132 1270 1172 agmen,
1304 1118 1533 1165 nuntiatur,
1567 1131 1715 1171 rupem

328 1175 483 1214 inviam
512 1190 611 1215 esse.
675 1174 897 1228 Digressus
928 1174 1080 1214 deinde
1112 1174 1199 1228 ipse
1231 1174 1284 1213 ad
1314 1174 1452 1214 locum
1480 1173 1712 1214 visendum.

330 1230 460 1270 Haud
491 1231 619 1271 dubia
643 1245 708 1271 res
729 1226 826 1279 visa,
850 1231 953 1285 quin
974 1245 1050 1285 per
1079 1231 1190 1270 invia
1210 1230 1319 1270 circa
1349 1245 1425 1270 nec
1457 1231 1554 1270 trita
1579 1238 1713 1278 antea,

329 1287 516 1342 quamvis
538 1287 662 1342 longo
684 1287 856 1336 ambitu,
879 1287 1210 1327 circumduceret
1230 1302 1391 1341 agmen.
1455 1286 1518 1327 Ea
1533 1301 1631 1327 vero
1651 1286 1717 1327 via

330 1344 620 1399 insuperabilis
640 1344 729 1384 fuit.
794 1344 905 1384 Nam
928 1359 1058 1399 quum
1080 1358 1204 1399 super
1219 1353 1403 1384 veterem
1424 1343 1563 1384 nivem
1585 1343 1716 1384 intac-

332 1410 414 1441 tam
432 1416 541 1440 nova
561 1400 748 1440 modicae
774 1400 1007 1440 altitudinis
1029 1409 1147 1449 esset,
1171 1400 1286 1440 molli
1307 1416 1385 1441 nec
1402 1400 1608 1455 praealtae
1629 1400 1717 1440 nlvi

331 1457 451 1497 facile
473 1456 600 1511 pedes
621 1456 947 1511 ingredientium
980 1457 1234 1497 insistebant.
1299 1457 1360 1497 Ut
1381 1472 1477 1497 vero
1500 1464 1560 1498 tot
1581 1457 1716 1497 homi-

331 1529 433 1554 num
465 1514 831 1568 iumentorumque
854 1514 1016 1554 incessu
1048 1514 1207 1569 dilapsa
1227 1521 1302 1562 est,
1324 1528 1399 1568 per
1426 1514 1582 1554 nudam
1610 1514 1716 1554 infra

331 1570 507 1625 glaciem
551 1570 836 1625 fluentemque
879 1571 1014 1610 tabem
1055 1570 1323 1625 liquescentis
1363 1570 1469 1610 nivis
1509 1570 1717 1626 ingredie-

331 1628 492 1667 bantur.
556 1626 710 1667 Taetra
740 1627 797 1667 ibi
827 1627 997 1667 luctatio
1029 1636 1128 1675 erat,
1152 1635 1198 1667 ut
1226 1643 1249 1667 a
1270 1627 1428 1667 lubrica
1457 1627 1600 1682 glacie,
1630 1642 1716 1668 non

331 1684 558 1738 recipiente
580 1684 812 1738 vestigium,
837 1692 878 1724 et
906 1684 950 1723 in
975 1699 1107 1739 prono
1133 1684 1254 1724 citius
1282 1684 1410 1739 pedes
1433 1684 1626 1724 fallente:
1660 1692 1715 1733 et,

332 1756 405 1780 seu
430 1740 619 1780 manibus
650 1741 692 1779 in
727 1741 979 1795 assurgendo
1010 1756 1083 1781 seu
1112 1756 1225 1797 genu
1256 1756 1297 1781 se
1330 1741 1598 1790 adiuvissent,
1619 1741 1747 1796 ipsisz

332 1796 595 1837 adminiculis
622 1797 800 1852 prolapsi
822 1798 854 1838 si
877 1798 1026 1837 iterum
1058 1806 1311 1846 corruerent,
1335 1813 1412 1838 nec
1434 1798 1581 1853 stirpes
1609 1798 1719 1838 circa

332 1853 554 1901 radicesve,
578 1853 631 1893 ad
661 1869 763 1908 quas
793 1854 899 1909 pede
929 1863 1001 1894 aut
1031 1869 1158 1894 manu
1180 1855 1399 1910 quisquam
1432 1855 1534 1895 eniti
1564 1863 1715 1910 posset,

331 1918 472 1957 erant3
505 1910 563 1949 ita
579 1910 622 1949 in
639 1910 719 1950 levi
735 1920 897 1951 tantum
913 1911 1044 1966 glacie
1060 1911 1282 1966 tabidaque
1300 1912 1393 1952 nive
1411 1911 1714 1952 volutabantur.

332 1966 525 2007 Iumenta
545 1967 739 2016 secabant
753 1968 963 2008 interdum
985 1968 1110 2008 etiam
1125 1977 1214 2008 tum
1231 1968 1418 2008 infimam
1439 1968 1718 2023 ingredientia

330 126 382 162 32

381 2124 396 2155 7
419 2119 599 2156 Summum]
638 2121 688 2149 Ad
716 2130 888 2157 summum,
915 2121 1000 2159 quod

332 2158 478 2197 Anglice,
498 2160 634 2191 dicimus
656 2167 689 2191 at
712 2168 796 2193 most.
844 2163 1000 2193 Restituit

331 2200 413 2230 hanc
438 2201 588 2239 loquendi
612 2203 745 2233 formam
768 2204 859 2234 Livio
877 2204 999 2234 Grono-

1044 2122 1166 2158 dinem]
1196 2123 1372 2160 Impeditzcs
1398 2124 1433 2152 in
1458 2124 1638 2153 *mirandam
1662 2124 1716 2153 ad-

1044 2164 1166 2193 modum
1185 2165 1387 2194 altitudinem
1406 2164 1544 2194 retinent
1560 2164 1668 2203 Sigon.
1684 2168 1717 2195 et

1045 2204 1164 2235 Stroth.
1221 2206 1285 2235 Sed
1312 2206 1571 2236 emendationem
1598 2207 1716 2236 Vanae

332 2241 411 2279 vius,
435 2253 533 2281 quum
560 2245 653 2283 vulgo
679 2246 755 2275 editi
783 2246 937 2276 haberent
961 2248 1003 2276 ad

329 2294 497 2321 summum,
513 2286 621 2324 scripti
636 2297 764 2317 summo.

373 2326 391 2355 S
417 2327 527 2357 Omnis
555 2329 637 2358 enim
661 2330 768 2366 ferme
798 2330 867 2366 via]
908 2330 1001 2359 Haec

331 2368 437 2404 verba,
453 2372 488 2398 ut
505 2379 543 2398 ex
562 2370 699 2409 Polybio
724 2374 824 2408 patet,
843 2381 906 2400 non
928 2376 1001 2401 sunt

331 2409 370 2438 de
396 2413 464 2439 toto
490 2410 604 2441 itinere
634 2411 855 2451 intelligenda,
880 2414 934 2443 sed
962 2414 1001 2443 de

331 2450 414 2480 invia
437 2452 495 2481 illa
518 2457 609 2491 parte
630 2455 866 2491 tantummodo,
883 2456 921 2485 de
938 2465 1001 2494 qua

330 2503 403 2522 mox
421 2503 522 2523 sermo
538 2494 606 2525 erit.

373 2545 391 2574 9
419 2537 461 2565 Ut
485 2547 585 2575 neque
607 2539 766 2568 sustinere
788 2549 820 2569 se
842 2549 862 2568 α
885 2540 996 2577 lapsu]

330 2586 372 2605 sc.
392 2577 439 2606 Ut
462 2587 566 2616 neque
587 2579 749 2609 continere
768 2590 812 2617 se,
829 2581 1000 2618 quominus

330 2618 523 2655 laberentur,
539 2629 652 2657 neque,
668 2621 693 2650 si
718 2623 900 2659 paullulum
925 2623 998 2652 titu-

331 2659 468 2695 bassent,
479 2659 545 2689 h.e.
559 2671 621 2690 non
640 2663 769 2692 omnino
786 2664 889 2702 primo
906 2665 998 2703 lapsu

331 2700 551 2737 procidissent,
571 2703 624 2731 sed
651 2707 752 2734 terrae
773 2707 883 2744 afflicti
908 2706 997 2736 vesti-

329 2740 415 2787 gium
439 2743 634 2780 pressissent,
651 2746 779 2784 vestigio
796 2758 851 2777 suo
868 2748 997 2778 haerere

330 2786 461 2821 possint.

375 2834 387 2853 Ι
411 2826 452 2854 [η
467 2826 582 2863 pedum
605 2829 689 2857 mille
707 2830 870 2859 admodum
889 2832 995 2861 altitu-

1047 2246 1205 2276 firmatam
1228 2257 1247 2276 a
1272 2247 1341 2277 Pol.
1361 2248 1404 2277 iii.
1423 2257 1474 2286 54,
1489 2258 1585 2286 quam
1609 2251 1717 2278 noster

1046 2288 1192 2325 servavit,
1220 2289 1311 2319 Crev.
1340 2292 1371 2319 et
1400 2290 1538 2319 Bekker.
1569 2291 1715 2328 probant.

1047 2330 1145 2364 Quod
1171 2340 1244 2360 vero
1270 2331 1379 2360 Livius
1405 2331 1556 2370 spatium,
1580 2342 1642 2370 quo
1668 2342 1715 2362 re-

1046 2371 1129 2401 centi
1157 2373 1251 2411 lapsu
1277 2374 1433 2411 abruptus
1461 2374 1550 2403 locus
1575 2377 1653 2411 erat,
1679 2376 1716 2404 in

1045 2415 1258 2451 altitudinem,
1273 2425 1337 2444 non
1358 2416 1393 2444 in
1411 2416 1641 2454 lonyitudinem
1663 2427 1716 2446 ac-

1045 2455 1176 2494 ceperit,
1196 2456 1229 2486 id
1246 2466 1309 2486 non
1330 2467 1369 2486 ex
1387 2456 1524 2496 Polybio
1544 2457 1667 2494 sumsit,
1683 2462 1715 2488 et

1045 2507 1171 2536 prorsus
1186 2498 1355 2528 ridiculum
1375 2499 1613 2539 absurdumque
1630 2499 1715 2530 vide-

1044 2544 1104 2569 tur.

1087 2591 1103 2611 ’Ζ
1128 2583 1213 2620 Ipsis
1234 2584 1439 2613 adminiculis
1453 2585 1599 2623 prolapsi
1614 2585 1641 2614 si
1657 2586 1712 2615 ite-

1043 2634 1114 2653 rum
1129 2626 1331 2662 corruerent]
1359 2626 1479 2655 Manus
1497 2629 1529 2656 et
1548 2636 1652 2664 genua
1665 2626 1713 2656 in-

1043 2665 1218 2704 telligenda
1247 2671 1332 2703 sunt,
1357 2667 1471 2705 quibus
1496 2677 1528 2697 se
1554 2667 1713 2698 adiuvisse

1043 2708 1201 2737 dicuntur.
1228 2709 1337 2739 Dom.
1390 2709 1543 2739 Ceterum
1570 2709 1710 2739 Bekker.

1038 2751 1199 2788 prolapsis
1224 2752 1340 2781 iterum
1362 2751 1552 2780 corruebant
1574 2760 1614 2780 ex
1638 2761 1711 2781 con-

1042 2790 1162 2821 iectura
1180 2791 1334 2821 Gronovii
1348 2791 1380 2821 in
1397 2795 1521 2821 textum
1538 2792 1668 2831 recepit.
