1871 3178
514 115 636 156 Llss.
673 114 843 155 XXIII.
890 115 1035 156 (JAI’.
1076 119 1136 156 10.
1436 120 1507 157 131

130 209 274 242 ‘surus
314 219 357 243 es
399 203 709 243 Hannibalem?
753 202 899 250 Quid?
941 202 1009 243 illa
1041 204 1160 243 turba
1193 212 1249 243 lot
1289 204 1509 245 liberorum
1533 215 1625 245 1*.('.
1650 215 1718 252 53⁶-

130 266 474 315 ί3οιϊυιιιιιιιμιυς
517 260 650 315 quid?
698 261 739 300 in
782 274 910 299 unum
957 260 1103 300 intenti
1146 261 1330 301 onmium
1374 262 1478 302 ωιτιιΙί
1500 279 1508 309 ;
1527 260 1563 286 A.
1590 260 1625 286 ‘'·
1654 258 1719 286 ³¹⁶-

129 317 290 371 ‘quid‘?
323 325 382 357 tot
411 317 594 365 dextrae,
615 326 902 372 torpescentuc
926 317 967 356 in
997 317 1180 357 amentia
1201 317 1302 357 illa?
1334 318 1509 358 Vultum

129 374 281 428 ‘ipsius
305 373 565 422 lIannilmlis,
584 389 743 428 qucum
733 389 816 413 arm
822 374 877 413 ati
900 374 1108 414 exeicitus
1129 374 1330 414 sustineie
1355 390 1489 429 nequ(
1494 401 1510 405 -

127 436 138 454 ‘
156 439 242 478 unt,
266 446 391 485 quem
414 430 745 494 horrctpopulus
770 430 997 479 Romanus,
1018 440 1061 471 tu
1079 431 1330 471 sustinebis?
1361 441 1414 479 et,
1433 432 1495 471 ali·
1489 448 1510 472 ιι

127 488 310 528 ‘auxilia
330 488 479 536 desint,
503 502 568 527 me
592 488 723 542 ipsum
747 487 881 535 ferire,
897 503 1046 542 eorpus
1064 503 1202 528 meum
1225 498 1506 543 opponentem

127 549 228 600 ‘plo
269 559 440 599 empore
485 544 746 592 Hannibalis,
780 519 1031 584 sustinebis?
1085 545 1216 599 Atqui
1259 560 1334 600 pei
1370 560 1508 585 meum

126 608 294 666 ‘pectus
321 601 528 656 petendus
557 600 623 641 ille
646 600 720 641 tibi
745 601 1134 657 t1·ansli0·eudusque
1157 611 1229 642 est.
1295 602 1507 642 Deterreii

125 664 136 682 ‘
153 658 220 699 hic
242 659 329 698 siue
352 667 392 698 te
414 659 564 713 potius,
587 672 711 713 quam
743 658 825 698 illie
848 674 968 698 vmci.
1035 658 1211 699 Valeant
1233 674 1376 714 preces
1397 660 1507 714 apud

125 721 137 738 ‘
152 723 191 755 te
215 730 291 755 mc·
284 730 344 764 ae,
363 715 468 755 sicut
484 730 558 770 pro
573 724 612 755 te
635 714 759 755 hodie
775 715 1020 755 valuer.'uut
1081 715 1117 755 I
1121 715 1391 756 aelimantem
1411 716 1506 756 inde
1524 723 1610 752 P‘mi
1624 734 1668 753 cv·
1663 724 1703 752 lit

123 772 317 813 iuvenem
366 786 552 820 cernens,
601 771 787 811 medium
834 772 1137 827 complectitur,
1180 783 1320 828 atque,
1369 773 1507 813 osculo
1526 767 1548 794 ¹
1552 776 1603 795 ⁰⁹*
1598 767 1660 795 '‘¹¹²·

122 829 309 878 haerens,
332 844 416 869 non
444 838 540 869 ante
572 829 763 884 precibus
794 829 963 877 abstitit,
986 845 1110 884 quarn
1139 830 1327 885 pervicit,
1352 839 1398 871 ut
1422 830 1474 885 srl
1467 846 1507 870 ι-

121 885 237 925 dium
266 894 454 941 poneret,
477 885 688 941 fidemque
714 885 844 934 daret,
872 886 977 926 nihil
1003 886 1210 927 facturum
1240 887 1331 928 talc.
1395 887 1506 927 Τιιιιι

122 942 295 991 iuvenis,
327 948 337 966 ‘
356 942 447 997 Eoo
473 942 670 1006 quidem3’
700 943 848 997 inquit,
881 949 1030 998 ‘quam
1063 944 1218 999 patriae
1245 944 1392 1008 debeo,
1420 945 1507 999 pie-

123 1004 274 1040 ‘tatem
307 1000 517 1040 exsolvam
550 1000 667 1054 patri
731 1000 867 1040 Tuam
899 1000 1021 1041 doleo
1047 1001 1192 1049 vicem,
1222 1001 1289 1041 cui
1322 1010 1383 1042 ter
1413 1016 1507 1056 pro-

122 1056 257 1097 ‘ditae
279 1057 436 1111 patriae
459 1057 749 1097 sustinendum
773 1067 833 1097 est
851 1058 1033 1105 crimen3
1067 1058 1207 1105 semel,
1224 1073 1353 1112 quum
1369 1058 1507 1098 defec—

122 1113 273 1154 ‘tionis
305 1114 355 1154 ab
388 1114 613 1162 Romanis,
647 1114 811 1162 iterum,
839 1129 969 1168 quum
996 1114 1108 1169 pacis
1139 1129 1233 1154 cum
1268 1114 1504 1155 Hannibale

122 1170 258 1211 ‘fuisti
290 1179 456 1218 auctor3
501 1171 622 1211 tertio
653 1170 791 1218 hodie,
824 1186 954 1225 quum
992 1170 1270 1211 restituendae
1305 1171 1506 1211 Romanis

122 1233 133 1250 ‘
152 1227 325 1282 Capuae
358 1242 472 1267 mora
502 1236 627 1281 atque
660 1227 1007 1282 impedimentum
1037 1242 1091 1267 es.
1154 1227 1235 1275 Tu,
1258 1228 1403 1282 patria,
1426 1228 1504 1268 fer-

94 1298 103 1318 1
122 1289 133 1307 ‘
148 1298 254 1332 rum,
278 1298 361 1338 quo
383 1298 457 1338 pio
479 1292 518 1324 te
541 1292 720 1324 armatus
742 1283 780 1323 h
772 1299 848 1324 me
870 1299 1006 1324 arcem
1029 1284 1209 1324 hostium
1234 1285 1320 1332 inii,
1337 1285 1506 1339 quando

122 1346 297 1396 “paiens
329 1350 563 1395 extorquet,
587 1340 750 1404 recipe.
812 1340 930 1381 Haec
962 1356 1091 1395 quum
1113 1340 1296 1389 dixisset,
1319 1340 1506 1396 gladium

120 1398 163 1437 in
184 1397 400 1453 publicum
429 1406 540 1437 trans
568 1397 787 1438 maceliam
819 1397 929 1437 horti
960 1397 1136 1438 abiecit:
1171 1407 1225 1445 et,
1256 1413 1339 1452 quo
1369 1398 1506 1438 minus

119 1469 183 1495 res
204 1463 395 1510 suspecta
415 1465 534 1503 esset,
557 1470 599 1495 se
621 1454 707 1509 ipse
725 1454 913 1494 convivio
935 1454 1130 1494 reddidit.

177 1511 351 1552 Postero
391 1511 458 1551 die
500 1521 664 1552 senatus
704 1511 899 1566 frequens
939 1510 1060 1551 datus
1102 1510 1342 1551 Hannibali.
1421 1511 1506 1552 Ubi
1587 1515 1648 1551 10.

119 1568 254 1624 prima
274 1569 362 1609 eius
378 1568 508 1609 oratio
529 1568 756 1624 perblanda
772 1582 818 1608 ac
840 1568 1022 1623 benigna
1041 1568 1133 1616 fuit,
1152 1583 1235 1623 qua
1253 1568 1404 1632 gratias
1421 1568 1506 1623 egit
1521 1569 1685 1599 Hannibal

123 1625 361 1681 Campanis,
380 1625 494 1680 quod
515 1625 737 1665 amicitiam
759 1639 875 1665 suam
900 1625 1115 1665 Romanae
1133 1625 1317 1665 societati
1332 1640 1506 1681 praepo·
1521 1611 1688 1658 Dec..1:-1

1519 1664 1536 1677 ι,

119 1682 319 1723 suissent:
353 1691 395 1722 et
411 1682 521 1723 inter
537 1690 675 1722 cetera
691 1682 912 1737 magnifica
931 1682 1132 1737 promissa
1148 1681 1369 1738 pollicitus,
1391 1682 1506 1723 brevi
1517 1653 1715 1734 3213}ng-

119 1748 244 1794 caput
265 1738 408 1779 Italiae
437 1739 553 1780 omni
577 1715 784 1794 Capuam&
788 1739 921 1788 for'e,
912 1754 1085 1794 luraque
1108 1739 1206 1779 inde
1235 1754 1330 1780 cum
1359 1739 1506 1780 ceteris
1520 1738 1574 1769 lat.

118 1795 282 1851 populis
305 1796 546 1837 Romanum
567 1796 692 1836 etiam
714 1796 955 1851 petiturum.
1020 1796 1167 1837 Unum
1189 1811 1278 1837 esse
1300 1806 1506 1837 exsortem

118 1852 303 1894 Punicae
326 1853 531 1894 amicitiae
547 1853 808 1909 foederisque
826 1868 967 1894 secum
987 1853 1098 1903 facti,
1115 1868 1241 1909 quem
1258 1868 1396 1909 neque
1419 1868 1505 1893 esse

121 1908 400 1965 Campanum,
433 1925 570 1966 neque
603 1910 685 1951 dici
717 1910 882 1960 debere,
913 1910 1105 1966 Magium
1138 1910 1331 1951 Decium.
1396 1910 1505 1950 Eum

118 1966 340 2022 postulare,
363 1976 410 2007 ut
431 1967 509 2008 sibi
537 1967 727 2016 dedatur,
751 1982 797 2008 ac
819 1982 861 2009 se
890 1976 1107 2032 praesente
1136 1968 1188 2008 de
1215 1983 1264 2008 eo
1292 1967 1505 2015 referatur,

118 2032 370 2079 senatusque
411 2024 647 2065 consultum
683 2024 765 2065 fiat.
845 2024 1005 2067 Omnes
1045 2025 1089 2064 in
1129 2039 1222 2065 eam
1256 2024 1505 2065 sententiam

118 2080 280 2121 ierunt:
314 2096 556 2136 quanquam
578 2096 753 2137 magnae
774 2082 881 2137 parti
903 2090 946 2122 et
970 2082 1032 2121 vir
1053 2081 1251 2136 indignus
1271 2096 1319 2121 ea
1340 2080 1507 2121 calami-

120 2145 217 2186 tate,
250 2146 292 2178 et
327 2138 440 2178 haud
472 2153 598 2194 parvo
631 2138 751 2179 initio
782 2138 916 2178 minui
946 2138 1164 2179 videbatur
1198 2138 1262 2177 ius
1292 2137 1503 2177 libertatis.

88 2207 105 2228 2
121 2193 321 2249 Egressus
342 2195 468 2243 curia,
491 2210 535 2234 m
556 2194 712 2250 templo
735 2195 1050 2250 magistratuum
1072 2194 1285 2242 consedit3
1318 2208 1507 2249 comp1e—

119 2250 333 2306 hendique
366 2251 547 2292 Decium
580 2251 785 2308 Magium,
803 2228 943 2307 Datque
974 2260 1070 2292 ante
1101 2251 1229 2306 pedes
1259 2225 1505 2291 destitutum

120 2321 284 2347 causam
312 2307 449 2348 dicere
478 2308 607 2348 iussit.
656 2285 760 2356 ζ,Ωιιί
792 2323 936 2363 quum,
963 2316 1158 2349 manente
1186 2307 1339 2348 ferocia
1363 2307 1503 2354 animi,

90 2372 292 2418 Snegaret
322 2364 413 2419 lege
434 2365 612 2405 foederis
643 2365 687 2405 id
717 2365 809 2420 cogi
834 2380 965 2420 posse,
996 2375 1085 2406 tum
1113 2365 1289 2405 iniectae
1320 2372 1504 2409 catenae,

121 2419 303 2475 ducique
333 2430 428 2461 ante
453 2421 680 2461 lictorem
671 2437 714 2461 m
737 2430 870 2462 castra
899 2430 961 2462 est
981 2422 1125 2462 iussus.
1192 2419 1344 2468 Quoad
1371 2419 1505 2473 capite

170 2593 181 2613 1
207 2585 304 2614 Hanc
319 2594 420 2614 arcem
437 2584 571 2614 hostium
583 2585 660 2622 inii]
686 2584 737 2614 Ita
753 2594 792 2613 ex
838 2583 1001 2622 figendum
1019 2593 1085 2613 esse
1101 2583 1253 2619 tribunal,
1269 2582 1335 2613 sive
1355 2583 1441 2621 quod
1462 2582 1506 2612 in-

122 2625 347 2656 emendatione
366 2626 525 2656 Rubenii:
552 2629 693 2655 ceterum
709 2627 793 2656 hanc
837 2632 991 2664 augurato
1004 2630 1223 2655 consecratum
1241 2630 1333 2661 esset,
1344 2624 1409 2654 sive
1422 2626 1507 2663 quod

122 2679 225 2699 arcem
242 2669 411 2705 defendere
421 2669 560 2698 volebam
572 2669 665 2698 Crev.
678 2672 708 2698 et
726 2668 792 2706 ple·
837 2667 945 2697 omnia
988 2668 1058 2697 loca
1101 2668 1278 2697 excelstora
1321 2671 1509 2696 vocarentur

122 2710 212 2749 rique
234 2710 324 2740 codd.
343 2710 504 2740 exhibent.
552 2710 691 2739 Videtur
711 2720 794 2739 com-
840 2710 974 2748 templa,
990 2713 1098 2739 monet
1117 2709 1239 2739 Duker.

123 2753 217 2782 mode
244 2752 402 2792 appellari
429 2762 484 2781 arx
516 2752 655 2781 hostium
683 2752 796 2781 domus
885 2761 901 2790 3
924 2753 966 2781 Id
987 2753 1053 2790 coyi
1072 2753 1179 2790 posse]
1207 2752 1259 2781 Ita
1281 2761 1366 2790 supr.
1391 2751 1432 2781 iv.
1460 2750 1507 2781 26.

124 2804 172 2831 ea,
189 2794 220 2824 in
238 2805 301 2833 qua¹
319 2794 485 2824 Hannibal
503 2794 729 2824 diversebatur.
840 2795 1002 2834 Siquidem
1029 2795 1096 2832 coyz'
1122 2794 1245 2834 aliquid
1274 2794 1415 2824 consules
1439 2804 1508 2832 pos-

168 2845 183 2865 ‘2
211 2838 248 2866 [η
272 2838 385 2875 templo
407 2837 667 2874 mafistratzmnz]
696 2837 794 2866 Intel-
840 2840 918 2866 sent.

1261 2890 1290 2916 K
1313 2880 1336 2915 2
