1877 3178
182 206 226 237 U.
243 206 280 236 C.
304 204 376 244 546.

180 249 219 278 A.
244 248 282 278 C.
305 246 374 278 206.

181 289 357 319 Transmit-

180 331 219 360 tit
235 332 267 360 in
284 331 346 361 Ba-

180 373 274 404 liares
293 373 378 403 insu—

180 415 236 446 115.

183 771 310 818 Minore
322 783 377 812 po-

182 817 269 845 titur.

246 1160 312 1197 38.

183 1214 291 1253 Scipio
306 1216 369 1245 Ro-

182 1266 269 1286 mam
284 1257 377 1287 redit.

185 1966 335 1998 Comitia.

385 111 467 149 442
899 106 1045 149 ΤΙΤΙ
1082 106 1259 149 LIVII

388 195 556 252 absunt)
597 195 829 236 transmisit.
893 196 1014 237 Duae
1060 204 1157 236 sunt
1197 195 1380 236 Baliales
1425 194 1594 244 insulae,
1635 195 1765 236 maior

389 253 517 294 altera
546 260 670 308 atque
702 252 940 308 opulentior
970 253 1091 293 armis
1118 253 1324 307 virisque.
1358 261 1400 292 et
1430 260 1596 307 portum
1626 252 1763 300 habet,

389 310 461 350 ubi
483 310 699 351 commode
721 310 1035 350 hibeinaturum
1058 324 1099 350 se
1122 309 1214 364 (et
1204 323 1286 349 iam
1303 317 1536 349 extremum
1553 308 1766 348 auctumni

390 366 496 421 erat)
531 367 736 408 credebat.
802 365 1015 415 Ceterum,
1052 365 1167 406 haud
1201 380 1318 406 secus
1354 380 1477 420 quam
1515 365 1545 404 si
1586 364 1767 405 Romani

390 439 481 464 eam
523 423 699 463 insulam
744 423 987 471 incolerent,
1024 422 1227 462 hostiliter
1271 421 1389 461 classi
1433 435 1649 461 occursum
1692 428 1763 461 est.

390 479 548 520 Fundis
570 489 615 520 ut
636 494 747 520 nunc
769 479 1007 534 plurimum,
1030 479 1088 519 ita
1112 487 1212 519 tunc
1234 478 1320 519 solo
1341 493 1390 518 eo
1411 477 1494 518 telo
1515 478 1764 518 utebantur:

388 552 465 577 nee
487 537 705 592 quisquam
729 536 895 576 alteiius
916 536 1051 591 gentis
1072 550 1179 575 unus
1202 544 1364 575 tantum
1382 549 1430 575 ea
1446 542 1544 583 arte,
1563 542 1767 589 quantum

388 593 498 633 inter
518 593 619 633 alios
640 608 783 633 omnes
801 592 984 633 Baliales
1005 592 1227 632 excellunt.
1281 591 1428 654 Itaque
1451 598 1566 631 tanta
1584 591 1645 630 vis
1664 590 1799 654 lapi-9

388 649 490 690 dum
523 650 794 691 creberrimae
827 649 1041 704 grandinis
1074 649 1199 689 modo
1230 649 1274 688 in
1303 648 1656 703 propinquantem
1685 647 1769 687 iam

390 714 520 747 terrae
543 706 713 747 classem
735 707 864 747 effusa
885 715 958 754 651,
981 714 1038 754 111,
1062 706 1215 745 intrare
1236 714 1401 760 portum
1426 719 1509 744 non
1531 704 1630 752 ausi,
1653 717 1769 743 aver-

390 771 524 804 terent
544 763 587 803 in
609 763 736 803 altum
760 778 894 803 nawves
944 762 995 802 In
1012 762 1214 803 minorem
1232 761 1329 801 inde
1348 760 1574 801 Baliarium
1591 759 1769 800 insulam

390 820 653 868 traiecerunt,
676 819 855 860 fertilem
877 819 1129 874 agro3vi1is,
1148 818 1270 858 armis
1291 818 1404 858 haud
1425 832 1556 872 aeque
1577 816 1766 857 validam.

389 876 537 931 Itaque
571 876 723 931 egressi
756 876 929 916 navibus
964 890 1087 930 supla
1120 884 1287 930 portum
1323 874 1413 915 loco
1447 874 1609 914 munito
1640 881 1771 913 castra

389 933 552 973 locant:
597 947 657 980 ac,
695 932 783 971 sine
818 932 1042 972 certamine
1079 933 1180 971 urbe
1218 945 1413 994 agroque·
1435 930 1570 985 potiti,
1607 929 1770 970 duobus

389 989 571 1029 millibus
596 987 857 1028 auxiliarium
891 987 989 1028 inde
1023 988 1276 1042 conscriptis,
1304 987 1520 1041 missisque
1549 986 1771 1041 Carthagi-

389 1060 499 1093 nem,
522 1045 575 1085 ad
602 1044 909 1085 hibernandum
937 1059 1061 1084 naves
1089 1044 1388 1084 subduxerunt.
1451 1043 1551 1083 Post
1576 1042 1771 1098 Magonis

391 1103 441 1142 ab
466 1101 625 1143 Oceani
647 1116 717 1141 ora
737 1100 975 1149 discessum,
1002 1100 1202 1140 Gaditani
1226 1100 1426 1140 Romanis
1447 1099 1667 1139 deduntur.

450 1158 568 1199 Hace
596 1158 640 1197 in
663 1157 868 1212 Hispania
888 1157 934 1197 P.
962 1157 1167 1212 Scipionis
1188 1156 1319 1196 (1110111
1347 1156 1613 1211 auspicioque
1641 1164 1767 1211 gesta.

391 1215 499 1271 Ipse,
533 1215 581 1255 L.
601 1214 785 1255 Lentulo
815 1223 857 1255 et
888 1214 936 1254 L.
962 1213 1124 1254 Manlio
1146 1213 1330 1254 Acidino
1362 1212 1576 1268 provincia
1607 1212 1769 1262 tradita,

390 1273 535 1313 decem
558 1272 731 1312 navibus
753 1271 933 1311 Romam
954 1271 1351 1319 1611111ς61,5611·1111
1372 1278 1491 1310 extra
1511 1270 1656 1309 urbem
1673 1269 1771 1310 dato

390 1329 433 1369 in
456 1329 557 1369 aede
582 1328 794 1393 Bellonae,
819 1343 920 1383 quas
941 1343 1005 1368 165
1030 1328 1073 1367 111
1091 1302 1527 1383 'Hispaniagessissess
1549 1326 1768 1367 disseruit

391 1386 555 1451 quoties
585 1386 713 1441 signis
744 1384 901 1425 collatis
923 1384 1169 1432 dimicasset,
1193 1393 1296 1439 quot
1323 1383 1476 1439 oppida
1503 1397 1556 1423 ex
1584 1382 1771 1423 hostibus

390 1443 429 1483 vi
458 1443 646 1498 cepisset,
670 1457 825 1497 quast,
801 1450 945 1482 frontes
974 1442 1016 1481 in
1045 1441 1247 1481 ditionem
1275 1440 1419 1495 populi
1442 1439 1623 1480 Romani
1651 1439 1771 1480 rede-

390 1499 526 1554 gisset.
610 1499 857 1539 ‘Adversus
907 1506 1103 1553 quattuor
1152 1513 1194 1538 se
1245 1497 1525 1552 imperatores,
1576 1504 1772 1550 quattuor

394 1561 404 1579 ‘
422 1555 595 1596 victores
625 1556 832 1596 exercitus
863 1555 907 1595 111
940 1554 1186 1610 Hispaniam
1217 1554 1321 1594 1556;
1355 1554 1567 1594 1161111116111
1596 1552 1772 1593 Caitha-

393 1612 652 1667 ‘ginienscm
689 1612 732 1651 in
767 1612 816 1651 iis
853 1612 971 1652 terris
1006 1611 1248 1666 leliquisse.⁹
1325 1610 1392 1651 Ob
1428 1610 1500 1650 has
1535 1625 1598 1650 165
1638 1618 1772 1664 gestas

393 1668 522 1723 magis
550 1676 706 1708 tentata
734 1677 795 1708 est
824 1668 1023 1722 triumphi
1051 1683 1154 1722 spes,
1179 1683 1302 1722 quam
1325 1667 1455 1722 petita
1478 1666 1769 1721 pertinaciter·
1759 1697 1769 1714 ,

393 1725 492 1779 quia
519 1725 730 1764 neminem
759 1724 811 1764 ad
839 1739 930 1764 cam
959 1724 1071 1763 diem
1100 1724 1387 1778 triumphasse,
1417 1724 1490 1778 qui
1524 1723 1612 1763 sine
1642 1723 1771 1777 magi-

393 1790 522 1822 stratu
556 1796 620 1821 165
653 1781 856 1836 gessisset,
889 1781 1111 1821 constabat.
1176 1779 1332 1820 Senatu
1367 1780 1502 1827 misso,
1535 1779 1679 1819 urbem
1711 1788 1773 1819 651

392 1838 611 1892 ingressus,
640 1837 882 1892 argentique
914 1852 1012 1891 prae
1045 1852 1087 1876 56
1122 1836 1165 1875 111
1196 1836 1399 1876 aerarium
1431 1835 1526 1875 tulit
1556 1843 1772 1889 quattuor-

392 1894 529 1934 decim
565 1894 693 1934 millia
727 1894 868 1949 pondo
905 1902 1088 1934 trecenta
1118 1892 1391 1947 quadlaginta
1420 1891 1517 1940 duo,
1547 1900 1587 1931 ct
1621 1891 1772 1946 signati

391 1951 552 2005 algenti
585 1966 623 1990 nl
628 1965 782 2005 a('⁸nUlD
815 1965 1046 1990 numerum.

392 2007 548 2047 sulibus
588 2007 734 2047 habuit
774 2007 822 2047 L.
847 2006 1048 2046 Veturius
1087 2005 1236 2045 Philo.

392 2064 554 2119 ingenti
580 2064 718 2104 favore
751 2063 796 2104 P.
820 2063 1059 2118 Scipionem
1087 2062 1299 2103 consulem
1324 2061 1532 2102 dixerunt.

433 2206 452 2235 9
476 2197 567 2226 Inter
597 2196 673 2225 alios
700 2195 820 2231 omnes]
857 2195 962 2231 Alias,
990 2194 1057 2223 sub.

389 2241 511 2276 gentes,
526 2237 695 2275 legendum
714 2237 835 2266 mavult
854 2236 994 2266 Gronov.

439 2290 449 2308 1
476 2281 567 2309 llaec
583 2302 589 2308 .
605 2302 611 2308 .
626 2302 632 2308 .
650 2281 689 2308 Ι).
701 2280 858 2317 &cipionis
873 2279 971 2307 (luctu
987 2288 1059 2306 aus-

389 2323 535 2360 picioque
548 2322 654 2358 χρεία]
682 2321 792 2350 Minus
808 2319 934 2358 proprie
947 2319 998 2348 hic
1016 2319 1059 2347 lo-

392 2363 499 2401 quitur
529 2362 648 2392 Livius.
695 2362 762 2396 Qui
794 2361 878 2391 6111111
910 2370 1058 2399 proprae-

392 2409 474 2435 tores
490 2405 540 2434 vel
562 2404 765 2443 proconsules
786 2403 853 2432 51116
873 2403 1058 2441 magistratu

392 2447 561 2485 imperium
586 2447 758 2482 habebant,
781 2445 873 2474 nulla
898 2445 1059 2474 habebant

391 2489 545 2527 auspicia,
561 2492 596 2517 ut
613 2492 737 2517 constat
753 2497 791 2516 ex
810 2487 878 2517 Cic.
892 2487 932 2516 de
949 2486 1058 2516 Divin.

392 2530 422 2560 ii.
458 2530 504 2569 76.
541 2530 617 2560 Vid.
650 2529 852 2559 Perizonium
887 2528 1057 2558 Animadv.

394 2572 479 2603 IIist.
499 2579 525 2610 7.
571 2572 676 2602 Semel
700 2570 764 2601 iam
789 2572 905 2601 abusus
929 2574 975 2600 est
999 2570 1060 2599 hac

392 2613 553 2643 locutione
572 2613 692 2647 Livius,
708 2623 792 2651 supr.
807 2612 869 2642 viii.
888 2622 936 2651 31.
953 2612 1058 2642 szv.

435 2665 451 2683 *z
482 2657 517 2685 L.
541 2657 677 2685 Lentulo
708 2659 738 2685 et
767 2656 803 2684 L.
828 2655 958 2683 Illanlio
984 2654 1059 2683 Aei-

392 2697 482 2732 dino]
510 2697 577 2732 Qui
599 2707 671 2726 011111
693 2695 909 2735 proconsulari
926 2695 1059 2733 imperio

390 2736 421 2765 in
458 2738 648 2775 Hispaniam
674 2738 760 2767 missi
784 2739 921 2774 fueraut,
942 2741 977 2766 ut
1004 2747 1058 2776 ap-

394 2782 481 2814 paret
498 2779 567 2808 infr.
586 2780 671 2809 xxix.
693 2789 738 2817 13.
763 2780 867 2809 CREv.

437 2829 452 2858 3
471 2821 532 2856 Qui
545 2821 612 2850 sinc
629 2822 815 2858 mayislrata
833 2832 882 2851 res
896 2821 1056 2859 affixisset]

1112 1948 1297 1989 Comitia
1326 1948 1423 1988 inde
1454 1947 1642 1988 creandis
1672 1963 1771 1988 COH-

1290 2004 1584 2059 centuriaeqsse
1627 2019 1771 2045 omnes

1597 2060 1772 2116 Collega

1103 2192 1210 2231 Scipio
1224 2193 1393 2231 proconsul
1407 2192 1439 2221 in
1453 2191 1614 2230 Hispania
1626 2201 1692 2221 rem
1704 2201 1770 2230 ges-

1102 2239 1194 2264 serat.
1224 2235 1472 2264 Proconsulatus
1482 2238 1587 2263 autem
1600 2234 1770 2272 imperium

1103 2280 1181 2312 crat,
1212 2287 1275 2305 non
1307 2276 1518 2314 magistratus.
1564 2276 1772 2314 Magistratus

1104 2318 1188 2347 enim
1220 2322 1285 2347 erat
1312 2318 1536 2347 tantummodo
1567 2317 1771 2353 dictatorum,

1103 2361 1281 2396 consulum,
1299 2364 1492 2398 praetorum,
1512 2362 1571 2389 etc.
1588 2359 1771 2398 imperium,

1103 2402 1170 2431 eius
1193 2402 1375 2440 quicunque
1396 2401 1439 2431 rei
1464 2401 1612 2430 militaris
1636 2401 1770 2430 admini-

1103 2444 1250 2473 strandae
1287 2443 1335 2472 ius
1371 2454 1390 2473 a
1427 2443 1548 2482 populo
1585 2442 1769 2481 accepisset.

1105 2486 1203 2515 Porro
1228 2485 1322 2514 multi
1343 2485 1404 2514 iam
1425 2485 1643 2523 imperatores,
1664 2494 1770 2513 exem-

1104 2528 1158 2566 plo
1184 2531 1251 2556 orto
1278 2537 1296 2556 a
1322 2528 1364 2561 Q.
1388 2526 1531 2556 Publilio
1557 2526 1706 2562 Philone,
1731 2526 1771 2556 de

1104 2580 1166 2608 quo
1193 2569 1254 2599 vid.
1280 2572 1434 2603 nostrum,
1458 2578 1543 2606 supr.
1567 2567 1630 2598 viii.
1656 2566 1704 2597 26.
1730 2568 1770 2597 ob

1103 2621 1152 2641 res
1182 2614 1349 2649 prorogato
1380 2614 1451 2648 post
1485 2613 1634 2639 exactum
1672 2609 1769 2648 magi-

1104 2656 1237 2682 stratum
1266 2652 1400 2690 imperio
1424 2655 1527 2690 gestas
1554 2650 1768 2689 triumphave-

1104 2698 1184 2724 rant.
1230 2694 1274 2723 At
1303 2704 1397 2723 nemo
1426 2694 1467 2723 ad
1498 2693 1581 2722 hanc
1605 2692 1690 2722 diem
1716 2692 1770 2721 tri-

1103 2735 1216 2774 umphi
1254 2735 1407 2765 honorem
1444 2735 1682 2773 impetraverat,
1715 2732 1768 2771 qui

1104 2778 1245 2816 privatus
1261 2787 1333 2806 cum
1351 2776 1484 2815 imperio
1503 2776 1616 2806 missus
1631 2778 1711 2805 esset
1727 2775 1768 2804 ad

1104 2830 1151 2849 res
1167 2819 1327 2858 gerendas.
1353 2819 1458 2849 CREV.
