1877 3178
373 100 459 137 480
887 93 1035 134 ΤΙΤΙ
1076 92 1144 133 LI
1158 92 1255 134 VII

165 195 210 227 U.
228 195 266 227 C.
289 196 360 234 548.
375 191 388 209 ‘
403 185 558 234 audiat,
581 185 668 240 ipse
691 183 834 224 diluat.
900 183 943 224 Si
965 184 1190 239 quicquam
1218 183 1395 233 sceleris,
1418 184 1532 239 quod
1560 183 1686 225 homo
1714 184 1759 224 in

165 238 204 269 A·
229 239 268 269 C.
290 242 593 283 2(>4·<110101005
614 241 749 281 ‘edere
784 249 934 295 potest,
961 241 1005 280 in
1038 256 1113 281 nos
1146 241 1446 296 praetermisit3
1479 255 1565 281 non
1596 255 1759 281 recusa-

375 304 387 322 ‘
404 314 507 347 mus,
532 298 635 353 quin
657 307 699 338 et
723 312 798 337 nos
827 297 967 337 omnia
994 297 1141 337 eadem
1168 298 1332 346 iterum,
1355 297 1389 337 si
1415 297 1501 352 pati
1527 312 1757 352 possumus,

376 361 388 379 ‘
403 356 621 411 patiamur,
640 362 681 394 et
703 354 770 394 ille
789 354 904 393 omni
922 353 1064 394 divino
1081 354 1348 408 humanoque
1366 353 1564 394 liberetur
1579 353 1759 394 scelere.’

232 417 295 454 19.
433 412 552 452 Haec
581 426 710 466 quum
739 411 790 450 ab
811 410 958 465 legatis
983 410 1095 450 dicta
1120 418 1269 459 essent,
1292 410 1602 465 quaesissetque
1631 409 1682 450 ab
1708 409 1758 449 iis

164 470 258 518 Fabii
274 481 341 501 sen-
379 469 430 516 Q.
450 468 614 517 Fabius,
637 467 936 507 detulissentne
958 482 1026 507 eas
1047 466 1235 522 querelas
1257 467 1309 507 ad
1330 467 1376 507 P.
1400 466 1661 521 Scipionem3
1693 480 1758 506 re-

165 516 306 584 ἑξξέζξίῃ
375 525 644 580 sponderunt,
679 524 846 564 ‘missos
877 523 1033 578 legatos
1065 538 1166 572 esse,
1199 523 1272 564 sed
1303 538 1399 563 eum
1428 523 1528 564 belli
1559 531 1758 578 apparatu

165 587 653 637 scipionem‚‘occupatum
684 595 794 621 esse:
839 589 881 620 et
911 580 952 619 in
990 580 1176 620 Africam
1209 589 1279 620 aut
1312 581 1393 620 iarn
1430 579 1651 627 traiecisse,
1685 586 1757 619 aut

376 639 509 679 ‘intra
537 652 692 693 paucos
722 637 811 677 dies
842 637 1121 677 traiecturum.
1185 636 1253 685 Et,
1285 637 1410 692 legati
1440 636 1572 691 gratia
1602 643 1758 690 quanta

375 701 506 736 ‘esset
533 694 645 750 apud
673 694 977 748 imperatorem,
1001 701 1192 748 expertos
1221 708 1331 734 esse:
1366 708 1508 748 quum,
1531 693 1639 732 inter
1660 706 1757 732 eum

375 757 387 775 ‘
403 760 446 792 et
466 752 653 792 tribunos
680 751 848 805 cognita
875 765 1008 798 causa,
1033 750 1220 790 tribunos
1246 750 1290 790 in
1311 749 1477 790 vincula
1505 748 1753 796 coniecerit3

376 808 582 863 ‘legatum
613 821 744 862 aeque
771 815 945 855 sontem,
976 815 1047 846 aut
1075 807 1204 861 magis
1236 807 1374 855 etiam,
1404 807 1447 845 in
1473 820 1522 846 ea
1552 812 1755 860 potestate

375 871 387 888 ⁶
403 864 641 919 1·eliquerit.'
701 862 826 903 Iussis
855 863 1056 903 excedere
1079 878 1100 903 e
1130 863 1286 918 templo
1314 863 1471 917 legatis,
1494 877 1578 901 non
1600 860 1756 901 Plemi-

373 921 467 961 nius
488 921 625 968 modo,
644 919 716 959 sed
733 920 857 958 etiam
883 918 1034 973 Scipio,
1049 919 1285 974 principum
1303 919 1556 959 orationibus
1572 917 1753 958 lacerari.

374 977 488 1017 Ante
511 991 653 1016 omnes
679 975 731 1022 Q.
748 974 912 1023 Fabius,
935 984 1078 1015 natum
1107 989 1203 1015 eum
1225 975 1277 1015 ad
1305 974 1651 1029 corrumpendam
1672 973 1756 1014 dis-

373 1033 570 1088 ciplinam
610 1031 844 1079 militarem,
882 1046 1064 1086 arguere.
1130 1030 1227 1071 ‘Sic
1260 1040 1302 1071 et
1342 1031 1386 1070 in
1427 1031 1632 1086 Hispania
1661 1029 1755 1085 plus

375 1095 527 1145 ‘prope
553 1104 628 1144 per
648 1087 895 1128 seditionem
918 1087 1110 1135 militum,
1133 1102 1259 1142 qnam
1286 1087 1408 1135 bello,
1431 1087 1648 1127 amissum:
1682 1101 1755 1126 ex-

375 1152 518 1186 ‘terno
559 1156 601 1185 et
640 1144 754 1199 regio
789 1159 901 1184 more
936 1152 977 1184 et
1010 1144 1226 1198 indulgere
1260 1143 1453 1184 licentiae
1487 1143 1678 1191 militum,
1713 1150 1755 1183 et

374 1208 386 1225 ‘
401 1203 555 1243 saevire
573 1202 615 1242 in
638 1201 732 1241 eos.'
795 1200 1054 1241 Sententiam
1071 1200 1224 1241 deinde
1247 1215 1378 1255 aeque
1402 1208 1560 1240 trucem
1577 1199 1754 1240 orationi
1769 1217 1783 1239 1

373 1259 535 1300 adiecit.
600 1257 878 1298 ‘Pleminium
909 1257 1092 1312 legatum
1122 1257 1309 1297 vinctum
1342 1257 1520 1297 Romam
1546 1256 1754 1311 deportari

374 1316 577 1371 ‘placere,
602 1323 644 1355 et.
670 1329 722 1354 ex
750 1313 925 1354 vinculis
952 1329 1115 1354 causam
1142 1314 1305 1354 dicere:
1339 1328 1399 1362 ac,
1422 1313 1454 1353 si
1479 1327 1575 1353 vera
1603 1313 1752 1361 forent,

374 1378 505 1427 ‘quae
538 1372 768 1412 Locrenses
799 1379 1085 1425 quererentur,
1115 1370 1159 1410 in
1190 1385 1351 1411 carcere
1380 1369 1531 1418 necari,
1560 1370 1753 1423 bonaque

374 1430 490 1469 ‘eius
521 1428 733 1484 publicari.
796 1427 843 1467 P.
866 1427 1118 1482 Scipionem,
1149 1427 1262 1482 quod
1290 1427 1342 1467 de
1371 1426 1583 1482 provincia
1613 1425 1754 1466 deces-

373 1491 386 1509 ‘
401 1486 519 1526 sisset
534 1486 690 1525 iniussu
708 1492 886 1532 senatus,
904 1485 1105 1524 revocari:
1139 1484 1288 1539 agique
1307 1498 1403 1524 cum
1420 1482 1595 1523 tribunis
1608 1481 1752 1537 plebis,

373 1547 444 1582 ‘ut
465 1542 516 1582 de
546 1541 720 1596 imperio
749 1541 838 1581 eius
866 1540 1104 1596 abrogando
1130 1543 1285 1581 ferrent
1313 1540 1365 1580 ad
1393 1539 1606 1595 populum.
1669 1538 1754 1578 Lo-

374 1598 610 1638 ‘crensibus
641 1612 779 1637 coram
810 1605 1000 1637 senatum
1031 1597 1296 1652 respondere,
1330 1596 1445 1644 Quas
1475 1595 1646 1636 iniurias
1676 1594 1754 1635 sibi

373 1653 524 1694 ‘factas
555 1661 840 1707 quererentur,
873 1668 941 1693 eas
976 1668 1114 1708 neque
1146 1662 1349 1702 senatum,
1381 1667 1519 1707 neque
1550 1651 1754 1707 populum

371 1716 383 1733 ‘
400 1709 639 1749 Romanum
660 1709 787 1748 factas
808 1708 925 1748 velle.
987 1709 1110 1749 Viros
1131 1710 1274 1758 bonos,
1292 1709 1521 1763 sociosque,
1537 1717 1579 1749 et
1600 1708 1753 1748 amicos

373 1772 384 1789 ‘
397 1781 466 1806 eos
483 1765 680 1820 appellari
695 1781 703 1804 ε
734 1765 896 1813 liberos,
915 1764 1124 1819 coniuges,
1141 1780 1331 1820 quaeque
1349 1765 1429 1804 alia
1444 1773 1587 1819 erepta
1603 1772 1750 1812 essent,

373 1822 580 1862 ‘restituiz
614 1821 848 1876 pecuniam,
872 1829 1028 1875 quanta
1048 1836 1100 1860 ex
1130 1821 1330 1860 thesauris
1355 1820 1628 1875 Proserpinae
1657 1820 1752 1861 sub-

372 1878 478 1919 ‘lata
499 1887 617 1926 esset,
641 1877 844 1932 conquiri,
867 1877 1122 1931 duplamque
1142 1877 1362 1932 pecuniam
1387 1877 1431 1916 in
1452 1876 1667 1917 thesauros
1687 1891 1752 1916 re-

372 1935 519 1989 ‘poniz
554 1943 595 1974 et
616 1948 777 1974 sacrum
806 1933 1012 1988 piaculare
1034 1934 1137 1982 fieri,
1161 1934 1219 1974 ita
1242 1941 1290 1974 ut
1316 1933 1430 1988 prius
1451 1933 1504 1973 ad
1530 1932 1752 1987 collegium

372 1991 644 2046 ‘pontificum
679 1990 913 2038 referretur,
947 1989 1062 2044 quod
1102 1989 1205 2030 sacri
1238 1989 1419 2030 thesauri
1459 1990 1574 2038 moti,
1609 1988 1752 2029 violati

372 2054 547 2096 ‘essent,
576 2061 682 2101 quae
709 2045 883 2101 piacula,
906 2047 1057 2101 quibus
1078 2045 1169 2094 diis,
1193 2046 1343 2101 quibus
1368 2045 1525 2094 hostiis,
1547 2045 1637 2086 fieri
1664 2045 1752 2101 pla-

370 2110 382 2128 ‘
398 2112 521 2145 ceret.
585 2103 757 2151 Milites,
776 2103 849 2157 qui
870 2102 1015 2143 Locris
1031 2111 1179 2151 essent,
1195 2117 1339 2143 omnes
1355 2102 1399 2142 in
1424 2101 1606 2142 Siciliam
1620 2109 1752 2142 trans-

370 2160 573 2216 ‘portariz
617 2168 814 2214 quattuor
848 2159 1038 2199 cohortes
1070 2159 1275 2199 sociorum
1316 2158 1459 2199 Latini
1494 2158 1674 2199 nominis
1706 2158 1751 2198 in

370 2222 382 2240 ‘
398 2216 648 2271 praesidium
671 2216 827 2256 Locros
854 2215 1030 2256 adduci?
1089 2215 1306 2270 Perrogari
1333 2230 1383 2255 eo
1411 2214 1478 2255 die
1507 2214 1749 2264 sententiae,

369 2273 550 2314 accensis
581 2272 728 2313 studiis
758 2285 833 2326 pro
867 2271 1060 2326 Scipione
1090 2280 1132 2312 et
1161 2271 1354 2312 adversus
1386 2270 1637 2326 Scipionem,
1663 2286 1749 2312 non

162 2338 315 2385 Obie-ctus
369 2337 555 2385 potuere.
608 2329 780 2369 Praeter
800 2327 998 2368 Pleminii
1019 2327 1177 2368 facinus
1199 2328 1555 2382 Locrensiumque
1573 2327 1749 2376 cladem,

163 2379 305 2418 Smpmni
369 2386 498 2442 ipsius
519 2385 643 2426 etiam
672 2384 930 2440 imperatoris
951 2399 1036 2424 non
1069 2384 1283 2424 Romanus
1305 2384 1441 2432 modo,
1464 2383 1538 2424 sed
1568 2398 1621 2424 ne
1643 2383 1751 2423 mili-

162 2422 318 2495 {ssffigrib
370 2451 466 2484 tarls
502 2442 673 2497 quidem
707 2441 842 2482 cultus
877 2441 1128 2481 iactabatur:
1173 2446 1292 2481 ‘cum
1328 2440 1453 2496 pallio
1487 2439 1781 2495 crepidisque3

414 2562 425 2583 1
452 2554 584 2584 Saevire
607 2554 643 2583 in
666 2553 732 2590 eos]
760 2552 921 2583 Invidiose
944 2556 1035 2582 notat
1122 2560 1139 2590 3
1165 2551 1245 2582 Cum
1257 2552 1359 2590 pallio
1374 2547 1588 2590 crepidisque]
1608 2548 1750 2579 Pallium

369 2595 488 2625 Fabius
514 2594 709 2634 supplicium
737 2598 901 2633 sumptum
928 2604 947 2624 a
970 2594 1035 2624 Sci-
1080 2598 1112 2623 et
1142 2593 1292 2632 crepidae
1323 2593 1521 2623 Graecorum
1551 2595 1652 2622 erant.
1697 2590 1750 2620 De

369 2636 465 2674 pione
481 2638 521 2666 de
541 2637 723 2667 auctoribus
742 2636 905 2666 seditionis
924 2636 1035 2666 Sucro·
1081 2635 1193 2674 pallio,
1213 2638 1326 2664 notum
1342 2638 1398 2664 est.
1444 2632 1599 2671 Crepidas
1614 2643 1634 2662 a
1650 2632 1748 2662 Grae-

369 2678 483 2708 nensis.
508 2679 613 2709 011151.
1082 2677 1126 2707 cis
1147 2676 1288 2707 maxime
1310 2679 1448 2715 gestatas
1470 2684 1535 2704 esse
1556 2675 1669 2704 suadet
1688 2683 1748 2703 vox

421 2728 437 2747 2
470 2721 645 2758 Pero-oyao·i
681 2731 715 2751 eo
751 2721 801 2750 die
841 2720 1033 2757 sententiae]
1081 2719 1161 2757 ipsa,
1192 2728 1275 2756 quae
1306 2727 1393 2747 mere
1424 2717 1550 2746 Graeca
1581 2719 1639 2751 est,
1668 2718 1748 2745 teste

370 2757 569 2789 Deliberatio
592 2763 632 2791 ad
657 2762 752 2791 finem
774 2762 906 2800 perduci
927 2771 964 2791 00
986 2761 1037 2791 die
1083 2759 1202 2795 Gellio,
1233 2759 1299 2789 xiii.
1331 2769 1379 2789 20.
1411 2762 1443 2788 et
1475 2757 1589 2787 (11501το
1622 2755 1748 2786 Persius

369 2809 432 2828 non
450 2801 563 2838 potuit.
587 2802 692 2832 Cum.
1081 2803 1225 2840 crepidas
1242 2803 1413 2832 Graiorum
1430 2800 1587 2839 appellat,
1603 2798 1667 2829 Sat.
1683 2797 1704 2829 i.
1717 2807 1746 2827 v.
