1877 3178
151 906 195 938 U.
212 907 250 938 C.
274 915 344 947 537.

149 950 189 980 A.
213 950 250 980 C.

150 992 218 1021 Res
233 1002 251 1021 a
266 992 345 1022 Poe—

275 959 344 989 215.

545 365 627 428 T.
688 365 964 428 LIVII
1028 365 1549 429 PATAVINI

745 556 845 607 LI
878 556 925 607 Β
960 556 1005 607 Ε
1038 557 1085 607 R
1152 555 1372 608 XXIV.

479 896 518 938 T
539 912 591 937 ex
613 895 846 952 Campania
865 894 908 935 in
932 893 1119 935 Bruttios
1141 893 1322 935 reditum
1343 902 1420 943 est,
1440 893 1608 943 Hanno,
1627 893 1744 935 adiu-

499 954 654 994 toribus
676 961 718 993 ct
739 953 913 993 ducibus
937 952 1124 1000 Bruttiis,
1146 951 1327 992 Graecas
1349 952 1470 991 urbes
1491 951 1679 1000 tentavit,
1694 966 1744 991 eo

148 1033 198 1062 nis
213 1034 301 1071 apud
358 1010 518 1050 facilius
539 1010 582 1049 in
604 1010 798 1050 societate
820 1018 1036 1048 manentes
1058 1008 1262 1057 Romana,
1281 1008 1395 1063 quod
1418 1008 1616 1056 Bruttios,
1640 1022 1744 1062 quos

150 1074 295 1105 Bruttios

147 1120 265 1154 gestae.

149 1158 311 1197 Rhegium

148 1200 263 1229 frustra
278 1204 345 1230 ten-

149 1245 264 1273 tatum.

151 1465 325 1495 Locrenses

151 1517 183 1536 se
200 1508 322 1537 dedunt

153 1549 279 1580 Poenis.

359 1076 402 1107 et
434 1067 620 1114 oderant,
650 1074 690 1106 et
719 1065 975 1112 metuebant,
1013 1064 1424 1119 Carthaginiensium
1455 1065 1582 1119 partis
1614 1065 1744 1104 factos

360 1123 598 1162 cernebant.
653 1121 867 1175 Rhegium
883 1121 1065 1175 primum
1083 1129 1287 1160 tentatum
1305 1129 1379 1169 est,
1395 1120 1567 1175 diesque
1585 1121 1746 1175 aliquot

359 1179 416 1218 ibi
438 1179 719 1233 nequicquam
742 1177 961 1231 absumpti.
1024 1176 1200 1216 Interim
1223 1176 1453 1217 Locrenses
1473 1177 1742 1226 frumentum,
1761 1193 1773 1213 1

358 1235 568 1291 lignaque,
592 1244 633 1275 et
654 1242 792 1274 cetera
819 1233 1049 1273 necessaria
1074 1233 1214 1273 usibus
1236 1248 1289 1273 ex
1310 1234 1415 1288 agris
1437 1233 1481 1272 in
1508 1233 1655 1273 urbem
1681 1248 1746 1274 ra-

358 1307 470 1347 pere,
494 1292 619 1332 etiam
649 1306 701 1331 ne
724 1290 827 1345 quid
848 1289 1039 1330 relictum
1060 1289 1237 1344 praedae
1267 1290 1454 1330 hostibus
1475 1298 1606 1330 esset:
1639 1298 1682 1330 et
1701 1290 1746 1329 in

359 1349 448 1389 dies
469 1349 600 1388 maior
620 1347 812 1388 omnibus
833 1347 961 1401 portis
990 1346 1216 1386 multitudo
1237 1346 1408 1386 effundi.
1470 1346 1689 1387 Postremo
1716 1345 1746 1386 ii

359 1405 484 1445 modo
515 1404 648 1445 relicti
676 1404 721 1444 in
746 1404 846 1443 urbe
880 1411 1011 1452 erant,
1039 1403 1111 1458 qui
1142 1403 1311 1443 reficere
1343 1417 1481 1443 muros
1514 1418 1561 1443 ac
1593 1411 1745 1458 portas,

360 1461 525 1516 telaque
543 1461 585 1500 in
599 1459 912 1515 propugnacula
925 1474 1149 1514 congerere
1167 1460 1433 1514 cogebantur.
1495 1459 1545 1500 In
1563 1459 1746 1514 permix-

361 1526 443 1558 tam
465 1517 653 1558 omnium
675 1516 873 1556 aetatium
894 1516 1172 1570 ordinumque
1191 1516 1516 1565 multitudinem,
1539 1525 1581 1556 et
1593 1531 1747 1571 vagan-

361 1582 446 1614 tem
474 1574 517 1613 in
547 1573 653 1628 agris
684 1588 835 1628 magna
859 1587 912 1613 ex
941 1581 1057 1627 parte
1088 1573 1304 1622 inermem,
1333 1573 1549 1613 Hamilcar
1578 1572 1745 1613 Poenus

360 1631 522 1685 equites
553 1629 712 1677 emisit3
746 1630 832 1683 qui,
864 1629 1014 1669 violare
1047 1644 1302 1684 quemquam
1332 1630 1463 1678 vetiti,
1493 1638 1668 1677 tantum,
1699 1637 1747 1669 ut

360 1687 634 1727 excluderent
654 1686 704 1726 ab
722 1686 823 1726 urbe
840 1686 939 1740 fuga
955 1685 1185 1740 dissipatos,
1205 1695 1359 1726 turmas
1380 1686 1580 1726 obiecere.
1643 1686 1747 1726 Dux

361 1744 462 1798 ipse,
494 1743 586 1783 loco
616 1743 827 1797 superiore
864 1750 997 1797 capto,
1030 1741 1142 1782 unde
1184 1757 1302 1797 agros
1337 1743 1567 1797 urbemque
1608 1750 1748 1797 posset

361 1800 614 1855 conspicere,
631 1799 891 1839 Bruttiorum
906 1798 1119 1838 cohortem
1134 1798 1245 1839 adire.
1264 1813 1415 1847 muros,
1433 1807 1557 1853 atque
1575 1813 1746 1838 evocare

361 1857 570 1911 principes
599 1855 871 1895 Locrensium
897 1855 948 1895 ad
974 1855 1229 1909 colloquium
1260 1855 1389 1903 iussit,
1419 1863 1473 1904 et,
1503 1854 1747 1909 pollicentes

362 1913 587 1953 amicitiam
636 1911 898 1960 Hannibalis,
940 1911 1149 1952 adhortari
1195 1912 1247 1951 ad
1294 1912 1439 1952 urbem
1488 1911 1744 1951 tradendam.

364 1969 540 2009 Bruttiis
560 1969 605 2008 in
626 1968 835 2023 colloquio
857 1967 1011 2008 nullius
1038 1968 1097 2007 rei
1119 1968 1252 2023 primo
1274 1968 1378 2008 fides
1399 1976 1485 2008 est:
1519 1967 1672 2008 deinde
1700 1976 1748 2008 ut

364 2025 531 2065 Poenus
564 2024 755 2080 apparuit
797 2025 841 2064 in
877 2024 1063 2072 collibus,
1096 2033 1138 2064 et
1177 2025 1430 2079 refugientes
1462 2024 1584 2080 pauci
1625 2023 1748 2064 aliam

363 2097 531 2122 omnem
552 2081 867 2136 multitudinem
897 2081 938 2120 in
960 2088 1162 2135 potestate
1184 2081 1366 2121 hostium
1388 2096 1474 2121 csse
1496 2081 1745 2129 afferebant3

364 2147 465 2187 tum,
489 2147 604 2178 metu
624 2138 736 2186 victi,
755 2137 1014 2178 consulturos
1035 2152 1077 2177 sc
1100 2137 1301 2192 populum
1319 2137 1640 2191 responderunt:
1675 2137 1748 2177 ad-

362 2202 590 2248 vocataque
617 2193 830 2248 extemplo
856 2194 1070 2242 concione,
1093 2208 1223 2247 quum
1252 2201 1293 2233 et
1313 2193 1543 2233 levissimus
1571 2193 1747 2247 quisque

363 2266 490 2290 novas
511 2265 574 2290 res
591 2265 824 2304 novamque
843 2249 1083 2290 societatem
1106 2249 1289 2298 mallent,
1312 2258 1366 2298 et,
1385 2264 1561 2304 quorum
1578 2250 1748 2304 propin·
1763 2263 1779 2293 3

364 2308 437 2361 qui
459 2315 577 2347 extra
601 2307 746 2346 urbem
772 2305 985 2345 interclusi
1014 2306 1064 2345 ab
1086 2305 1272 2345 hostibus
1300 2315 1431 2354 erant,
1453 2305 1567 2346 velut
1595 2306 1748 2345 obsidi-

364 2364 441 2404 bus
471 2363 589 2412 datis,
621 2363 857 2417 pigneratos
888 2362 1089 2402 haberent
1120 2362 1290 2411 animos,
1322 2363 1443 2417 pauci
1475 2362 1604 2416 magis
1636 2363 1780 2403 taciti4

1761 1590 1777 1610 Ν

410 2515 420 2534 1
448 2506 580 2535 Interim
609 2506 795 2541 Locrenses]
836 2505 879 2533 At
907 2504 946 2533 de
974 2503 1033 2533 Lo-
1080 2503 1221 2534 Gronov.
1237 2505 1352 2535 mallet.
1399 2506 1462 2535 Sed
1478 2511 1507 2536 et
1527 2510 1621 2538 verbo
1643 2513 1673 2538 et
1694 2509 1748 2538 ad-

364 2547 525 2576 erensibus
540 2550 646 2576 noster
662 2546 725 2575 alia
742 2549 935 2582 narraverat,
949 2556 1033 2584 supr.
1080 2545 1196 2575 iectivo
1220 2547 1336 2584 plurali
1360 2557 1492 2578 numero
1513 2550 1747 2580 distributivum

365 2588 453 2617 xxiii.
466 2596 514 2624 30.
533 2592 562 2617 et
577 2598 626 2626 41.
641 2588 699 2617 uisi
718 2587 822 2617 dicere
840 2587 944 2623 malis,
961 2597 1033 2616 eum
1079 2589 1212 2627 quisque
1242 2587 1328 2626 iungi
1359 2589 1445 2627 apud
1473 2590 1601 2623 Livium
1632 2591 1747 2629 passim

365 2628 431 2657 illic
463 2630 668 2667 occupavisse
703 2639 751 2659 res
785 2639 870 2658 nunc
904 2630 1034 2659 demum
1079 2629 1349 2660 animadverteris.
1373 2641 1456 2669 supr.
1474 2632 1505 2662 ii.
1524 2642 1572 2663 τε.
1598 2632 1648 2662 vii.
1670 2642 1716 2672 19.

365 2673 477 2706 gestas.
503 2671 642 2700 Srnorn.
1122 2681 1141 2707 4
1156 2672 1364 2709 Piyneratos]
1383 2673 1611 2703 semim-ictos
1622 2673 1749 2710 Poenis,

409 2719 424 2738 2
450 2712 618 2741 Hamilcar
642 2713 787 2749 Poenus]
831 2712 943 2742 Trium
968 2721 1034 2743 mss.
1081 2712 1276 2751 propinquos
1288 2713 1593 2753 illorum,tanquam
1606 2714 1748 2753 pignora,

366 2750 429 2779 fide
445 2753 604 2781 Bomilcar
620 2754 758 2791 reposuit
777 2754 896 2783 Stroth.
1079 2754 1111 2783 in
1128 2758 1287 2792 potestate
1304 2765 1361 2784 sua
1376 2755 1577 2786 habentibus.
1604 2756 1713 2787 DoER.

415 2801 432 2829 3
455 2794 637 2823 Societasem
663 2796 809 2831 mallent]
852 2795 935 2824 Edd.
960 2798 1035 2824 ante
