1877 3178
387 95 467 132 218
895 90 1043 133 TITI
1083 89 1259 131 LIVII

188 193 228 224 U.
245 193 282 223 C.
305 193 375 232 538·
387 179 535 235 viginti
561 180 731 221 flumine
757 180 928 221 adverso
958 181 1224 221 subvectum:
1258 180 1424 229 deinde,
1448 190 1493 222 ut
1517 196 1566 222 ea
1589 196 1652 221 res
1681 190 1761 222 tar-

182 236 222 266 A.
246 235 283 266 C·
306 244 376 273 2¹4·
389 236 481 278 dior
500 252 570 292 spe
587 237 723 286 fuerit,
742 237 794 278 ad
813 237 985 279 Oricum
1001 237 1107 278 clam
1128 246 1248 279 nocte
1267 238 1493 279 exercitum
1512 238 1756 279 admovisse:

184 277 314 308 Oricum
329 287 348 307 a

184 319 338 359 Philippo

183 365 323 401 captum.

184 876 211 905 Α
217 876 358 915 pollonia

184 920 310 948 obsessa
324 929 344 948 a

186 960 348 1000 Philippo.

185 1566 299 1596 Castra
309 1565 376 1595 Ma

186 1608 241 1637 ced
246 1617 343 1637 onum

184 1650 216 1679 in
222 1650 338 1680 vadun-

185 1697 218 1722 tu
223 1702 245 1723 r.

389 309 564 359 eamque
598 295 755 344 urbem,
788 294 907 335 sitam
944 294 987 334 in
1022 294 1160 350 plano,
1193 309 1330 350 neque
1363 295 1591 344 moenibus,
1622 309 1758 350 neque
1773 310 1791 331 τ

388 351 484 392 viris
513 360 637 407 atque
669 351 790 392 armis
820 350 1010 401 validam,
1041 351 1174 407 primo
1204 351 1363 407 impetu
1395 367 1629 407 oppressam
1660 367 1758 392 esse.

391 408 509 449 Haec
530 409 769 449 nuntiantes
797 409 980 458 orabant,
1002 417 1048 449 ut
1073 424 1194 464 opem
1218 409 1355 458 felret,
1378 408 1621 464 hostemque
1651 407 1762 449 haud

390 465 563 507 dubium
591 466 790 506 Romanis
821 474 927 506 terra
951 474 1022 506 aut
1053 466 1267 506 maritimis
1297 466 1449 506 viribus
1479 474 1656 514 arceret3
1689 465 1791 520 qui3

390 523 442 564 ob
464 522 618 563 nullam
647 523 768 563 aliam
790 537 965 572 causam,
988 523 1066 563 nisi
1088 523 1200 578 quod
1225 523 1490 564 imminerent
1513 522 1667 571 ltaliae,
1690 537 1794 577 pe-4

391 588 586 621 terentur.
650 579 711 620 M.
728 579 929 628 Valerius,
945 595 1006 635 pl
995 580 1149 621 aesidio
1162 580 1241 621 loci
1259 580 1346 621 eius
1368 579 1509 621 relicto
1530 580 1576 620 P.
1594 578 1761 619 Valerio
1776 592 1792 622 5

389 636 538 692 legato,
572 652 667 678 cum
703 636 828 678 classe
864 637 1064 678 instructa
1098 646 1334 692 parataque,
1372 648 1426 686 et,
1462 637 1574 693 quod
1616 636 1761 688 loncrae
1775 643 1794 674 6

389 709 512 735 naves
533 693 711 734 militum
740 709 886 750 capere
909 710 993 735 non
1025 702 1227 750 poterant,
1250 695 1294 734 in
1315 709 1520 735 onerarias
1547 693 1761 748 impositis,

390 751 517 792 altero
546 751 613 792 die
645 751 816 793 Oricum
844 752 1053 807 pelvenit:
1088 752 1316 807 urbemque
1348 767 1451 800 eam,
1485 751 1564 791 levi
1596 758 1762 791 tenente

389 808 607 864 praesidio,
640 809 753 873 quod
783 808 980 850 recedens
1010 808 1107 849 inde
1139 808 1361 865 reliquelat
1392 808 1623 864 Philippus,
1652 805 1795 852 haud7

390 881 541 921 magno
554 880 623 906 cer
626 866 778 906 tamine
794 866 961 921 recepit.
1014 866 1162 921 Legati
1179 881 1227 907 eo
1241 866 1291 906 ab
1309 865 1534 921 Apollonia
1546 879 1671 906 vener
1674 872 1763 913 unt,

390 923 642 972 nuntiantes,
674 923 717 963 in
749 923 963 964 obsidione
994 938 1094 972 sese,
1127 923 1240 978 quod
1271 923 1448 963 deficere
1480 923 1530 963 ab
1563 921 1764 962 Romanis

390 980 561 1029 nollent,
577 995 686 1021 esse:
720 995 856 1036 neque
880 980 1080 1021 sustinere
1102 980 1210 1020 ultra
1230 980 1312 1020 vim
1335 979 1618 1020 Macedonum
1631 993 1763 1034 posse,

390 1037 469 1077 nisi
497 1037 748 1092 praesidium
780 1037 967 1077 mittatur
1000 1037 1248 1077 Romanum.
1311 1037 1532 1077 Facturum
1569 1051 1624 1085 se,
1657 1050 1763 1091 quae

391 1093 556 1142 vellent,
587 1093 806 1149 pollicitus,
832 1093 916 1134 duo
947 1093 1075 1134 millia
1104 1094 1358 1135 delectorum
1384 1093 1561 1134 militum
1592 1093 1765 1133 navibus

390 1149 523 1206 longis
545 1151 672 1190 mittit
699 1150 751 1190 ad
773 1150 921 1191 ostium
947 1150 1142 1199 fluminis,
1164 1166 1258 1191 eum
1280 1150 1486 1206 praefecto
1514 1149 1682 1198 socium,
1710 1149 1761 1197 Q.
1777 1159 1797 1190 8

391 1206 554 1248 Naevio
574 1206 721 1255 Crista,
740 1208 826 1247 viro
848 1207 1024 1263 impigro
1041 1217 1082 1247 et
1102 1208 1235 1262 perito
1257 1207 1438 1248 militiae.
1500 1206 1554 1256 Is,
1569 1206 1766 1262 expositis

391 1264 434 1304 in
456 1273 605 1305 terram
623 1264 833 1313 militibus,
850 1265 1104 1319 navibusque
1122 1264 1294 1305 Oricum
1313 1273 1433 1313 retro,
1450 1264 1561 1304 unde
1584 1272 1763 1312 venerat,

393 1322 445 1362 ad
476 1336 654 1362 ceteram
677 1322 847 1362 classem
878 1322 1066 1370 remissis,
1090 1321 1241 1362 milites
1272 1321 1414 1377 procul
1447 1337 1471 1362 a
1490 1321 1661 1361 flumine
1693 1335 1767 1376 per

391 1379 498 1419 viam
516 1379 685 1419 minime
707 1380 758 1419 ab
779 1379 900 1434 regiis
917 1379 1120 1419 obsessam
1138 1378 1271 1428 duxit,
1289 1388 1330 1419 et
1353 1388 1486 1428 nocte,
1506 1379 1562 1419 ita
1582 1387 1628 1418 ut
1643 1393 1766 1418 nemo

392 1435 571 1476 hostium
593 1436 777 1485 sentiret,
793 1438 935 1477 urbem
959 1444 1020 1476 est
1041 1436 1257 1491 ingressus.
1321 1436 1426 1476 Die
1418 1435 1653 1491 insequenti
1674 1435 1767 1490 qui-

391 1507 523 1541 evere,
546 1493 646 1533 dum
669 1493 932 1548 praefectus
924 1508 991 1533 1111
995 1503 1181 1534 entutem
1206 1493 1413 1548 Apolloni
1407 1493 1580 1541 11111111,
1570 1506 1765 1547 almaque

392 1559 433 1590 et
455 1550 565 1590 mbis
581 1550 686 1590 vires
707 1550 938 1605 inspiceret.
1003 1550 1087 1590 Ubi
1109 1566 1239 1590 cavis
1233 1567 1256 1590 1
1277 1551 1543 1605 inspectaque
1561 1550 1657 1590 satis
1678 1564 1765 1589 am-

393 1622 552 1647 morum
570 1607 715 1655 fecere,
734 1607 937 1662 simulque
959 1607 1008 1647 ab
1030 1607 1358 1662 exploratoribus
1380 1607 1592 1663 competit,
1612 1622 1681 1662 qu
1671 1614 1767 1646 inti

392 1664 578 1705 socordia
598 1679 643 1704 ac
666 1664 918 1719 negligentia
938 1664 1048 1719 apud
1066 1664 1203 1704 hostes
1220 1674 1348 1712 esset3
1382 1665 1546 1705 silentio
1567 1664 1699 1705 noctis
1715 1663 1766 1704 ab

441 1863 457 1883 2
485 1855 598 1892 Neque
628 1854 803 1890 neomutus]
857 1853 928 1882 l‘ut.
957 1853 1057 1881 codex

393 1897 530 1926 moeniis.
576 1896 657 1925 Sunt
673 1898 704 1924 et
719 1895 801 1924 aliae
816 1905 941 1933 quoque
956 1904 1057 1930 voces,

393 1948 475 1976 quae
495 1937 668 1967 identidem
691 1937 723 1966 in
747 1937 868 1976 optimo
892 1937 971 1966 libro
994 1947 1057 1965 nou

394 1980 579 2019 pervulgata
604 1980 705 2009 forma
734 1979 869 2018 scriptae
899 1978 1057 2017 reperiun-

393 2026 464 2052 tur:
498 2026 533 2051 ut
562 2023 714 2051 obsidium
746 2032 801 2060 pro
831 2022 981 2057 obsidum,
1012 2020 1059 2050 bis

393 2064 468 2095 xxii.
488 2074 535 2094 22.
553 2068 584 2093 et
600 2072 710 2094 contra
733 2075 870 2094 mensum
896 2074 951 2102 pro
975 2074 1058 2093 men-

392 2109 485 2143 sium,
502 2106 587 2136 xxiii.
602 2116 648 2137 21.
667 2111 697 2136 et
714 2106 799 2136 xxiv.
821 2116 865 2136 11.
884 2110 915 2135 ct
928 2116 1058 2144 passum

394 2159 450 2188 pro
472 2160 636 2187 passuum,
659 2149 745 2178 xxvi.
774 2158 819 2187 13.
844 2152 875 2178 et
896 2152 1058 2187 poteretur

395 2201 451 2229 pro
464 2193 632 2230 potiretur,
646 2191 732 2221 xxiii.
746 2201 796 2229 43.
828 2194 981 2221 Oreretur
994 2189 1060 2228 qui-

394 2234 467 2263 dem
495 2243 619 2271 semper
646 2233 775 2263 exbibet
800 2232 885 2262 idem
911 2232 1000 2267 liber,
1027 2236 1060 2261 ut

394 2275 471 2305 alibi
489 2279 643 2305 notamus.
674 2276 766 2305 Adde
780 2276 961 2310 traiciatur,
973 2274 1059 2304 xxix.

397 2328 444 2355 24.
462 2320 494 2347 et
509 2318 668 2353 trau-eret,
685 2327 759 2346 xxx.
778 2327 826 2354 24.
848 2327 903 2355 pro
920 2317 1060 2346 traiicia-
1106 2339 1112 2345 .

396 2365 449 2389 tur
465 2363 496 2389 et
513 2360 681 2390 traiiceret.
718 2360 809 2389 Haec
826 2360 990 2388 observare
1007 2368 1059 2387 no-

396 2402 444 2431 bis
459 2412 573 2440 operae
595 2402 730 2440 pretium
747 2411 813 2431 esse
832 2401 931 2430 visum
948 2403 1004 2437 est,
1020 2401 1060 2429 ob

398 2444 546 2474 eximiam
572 2443 773 2474 vetustissimi
790 2443 906 2473 codicis
926 2443 1059 2472 auctori-

399 2490 506 2516 tatem.
531 2486 635 2516 Cam.

448 2539 464 2566 3
497 2530 594 2559 Terra
628 2532 684 2558 aut
719 2529 884 2558 maritimis
924 2528 1058 2564 uiribus]

402 2571 493 2600 llaec
510 2572 619 2609 procul
633 2570 728 2600 dubio
742 2570 853 2600 vitiosa
868 2574 950 2600 sunt.
982 2569 1060 2599 Gro-

400 2613 510 2642 novius
533 2624 549 2642 e
571 2623 637 2643 1155.
654 2612 707 2651 qui
730 2616 837 2642 tamen
862 2612 912 2642 hic
936 2622 1061 2650 eorrup-

402 2653 510 2683 115511111
537 2658 620 2691 sunt,
646 2655 840 2693 suspicatur:
873 2656 1063 2694 Hostemque

401 2696 488 2724 liam!
519 2697 648 2726 dubium
677 2698 827 2727 Immani-
856 2698 1061 2727 Illac-edonem

402 2738 498 2775 Epzrz'
515 2740 679 2768 maritimis
695 2740 823 2769 urbibus
838 2744 970 2775 arceret,
982 2749 1063 2778 quae

404 2802 410 2807 .
429 2801 434 2806 .
453 2801 459 2807 .
477 2801 483 2807 .
501 2779 559 2807 Sed
584 2780 661 2809 haec
681 2780 737 2809 etsi
758 2780 840 2819 aptis
842 2780 919 2810 511110
935 2790 1064 2810 omuino

404 2830 481 2859 013011
474 2824 578 2850 luunt
595 2821 633 2851 ·1(1
649 2832 786 2859 5011511111,
803 2822 874 2861 long
865 2822 924 2852 ’1115
946 2823 1063 2852 111011111

1102 1855 1169 1880 tum
1197 1862 1216 1881 a
1243 1852 1371 1889 vulgata
1402 1850 1548 1885 lectione,
1575 1853 1643 1879 tum
1671 1849 1766 1879 etiam

1101 1904 1119 1922 a
1136 1903 1200 1923 1155.
1218 1904 1313 1932 quam
1338 1897 1371 1922 ut
1394 1892 1561 1922 admittere
1582 1893 1768 1922 audeamus.

1102 1937 1207 1966 Cunv.

1144 1990 1162 2016 4
1187 1979 1393 2008 [munium-ent
1415 1977 1546 2014 Italiae]
1586 1976 1700 2006 Italiae
1725 1976 1767 2006 vi-

1103 2019 1193 2050 cinae
1214 2024 1328 2055 055001,
1345 2031 1382 2049 ex
1407 2020 1537 2049 adverso
1556 2018 1669 2049 Italiae
1690 2018 1768 2049 sitae

1103 2066 1215 2093 essent.
1247 2063 1284 2093 cf.
1301 2062 1370 2092 infr.
1388 2061 1506 2091 xxxvii.
1525 2060 1572 2091 26.
1599 2061 1711 2092 DRAK.

1145 2115 1161 2144 5
1186 2106 1353 2135 Praesidio
1375 2106 1432 2134 loci
1456 2105 1540 2141 eius]
1575 2103 1674 2134 Cuius
1696 2102 1768 2139 loci,

1102 2147 1224 2185 quaerit
1241 2147 1389 2182 Crevier;
1411 2146 1496 2176 haud
1513 2145 1608 2175 dubie
1624 2145 1701 2181 eius,
1718 2146 1767 2175 cui

1104 2189 1303 2228 praesidebat
1311 2189 1470 2224 Valerius,
1479 2187 1638 2217 Brundisii
1652 2197 1768 2227 nempe

1105 2235 1136 2261 et
1153 2231 1329 2261 Calabriae.

1146 2272 1165 2303 6
1188 2275 1242 2309 Et,
1265 2274 1348 2312 quod
1372 2273 1484 2310 loaysae
1510 2283 1607 2302 naves
1633 2273 1768 2302 'militam

1125 2339 1132 2346 .
1144 2339 1150 2345 .
1163 2317 1330 2354 impositis]
1349 2325 1390 2344 50.
1405 2314 1448 2344 Ι15
1464 2314 1618 2344 militibus
1634 2324 1711 2353 quos
1722 2337 1729 2344 .
1741 2338 1748 2345 .
1759 2337 1767 2345 .

1104 2357 1269 2396 impositis.

1153 2408 1168 2438 7
1198 2401 1287 2436 Quod
1315 2400 1460 2429 recedens
1490 2400 1563 2429 iude
1595 2400 1769 2438 reliquerat

1106 2443 1292 2481 Philippus]
1328 2442 1418 2478 Quod
1442 2442 1588 2471 recedens
1615 2442 1687 2471 inde
1712 2451 1769 2471 rea:

1104 2486 1288 2524 reliquerat,
1307 2494 1345 2514 ex
1370 2483 1550 2513 coniectura
1566 2483 1706 2514 GronoV.
1723 2493 1767 2512 re-

1107 2526 1211 2566 posuit
1228 2527 1366 2556 Bekker.

1153 2570 1171 2599 8
1196 2570 1364 2606 Praefecto
1399 2569 1532 2605 socium]
1576 2567 1650 2598 Vid.
1680 2566 1768 2597 xxiii.

1109 2620 1134 2650 7.
1180 2612 1329 2642 Ueterum
1354 2620 1467 2649 magna
1491 2620 1562 2649 pars
1581 2609 1767 2648 scriptorum

1106 2664 1169 2683 non
1206 2652 1346 2692 agnoscit
1383 2652 1530 2682 ultimam
1566 2661 1693 2681 vocem:
1733 2653 1768 2680 ut

1108 2695 1251 2726 Naevius
1274 2694 1451 2734 praefectus
1474 2694 1598 2724 dicatur
1623 2692 1695 2722 huie
1717 2702 1766 2721 eo—

1108 2738 1189 2777 piae,
1200 2747 1388 2776 quocunque
1404 2737 1502 2775 gradu
1519 2735 1650 2765 militiae
1664 2734 1766 2764 fuerit.

1108 2781 1212 2811 ΟΜΝ.
