1877 3178
160 164 204 195 U.
222 164 259 195 C.
283 164 354 203 538.

160 207 199 237 A.
221 207 259 237 C.
283 216 353 245 214.

238 1568 301 1609 17.

172 1626 348 1657 Marcellus

172 1668 298 1698 obviam
316 1667 340 1697 it

174 1709 363 1741 Hannibali.

370 70 449 108 192
884 62 1031 106 ΤΙΤΙ
1071 61 1249 103 LIVII

369 160 380 178 ⁶
395 170 493 197 nem
513 163 614 196 nota
634 154 793 195 strenui
815 161 887 195 aut
907 154 1047 209 ignavi
1070 153 1214 193 militis
1241 160 1404 193 notasse
1426 151 1548 193 volui.
1612 151 1655 192 N
1659 165 1754 200 une,

369 212 586 254 ‘exsoluta
626 212 708 252 iam
751 211 834 252 fide
869 211 1049 267 publica,
1086 225 1139 251 ne
1176 209 1399 250 discrimen
1434 224 1557 250 omne
1592 208 1757 249 virtutis

370 270 672 326 ‘ignaviaeque
700 277 857 324 pereat,
891 268 1061 309 nomina
1088 282 1245 315 60111111,
1277 266 1363 321 qui,
1395 265 1648 306 detrectatae
1680 280 1757 320 pu-

370 333 382 350 ‘
397 342 504 383 gnae
523 340 739 374 memores,
758 325 1030 365 secessionem
1052 323 1192 380 paullo
1210 331 1305 363 ante
1321 323 1523 371 fecerunt,
1542 322 1683 363 referri
1704 321 1758 362 ad

371 390 465 425 ‘me
491 384 668 424 iubebo:
703 383 933 437 citatosque
963 381 1147 437 singulos
1175 380 1443 421 iureiurando
1472 379 1648 434 adigam,
1677 378 1757 418 nisi

373 447 384 465 ‘
400 441 519 496 queis
547 440 715 480 morbus
743 454 866 480 causa
892 439 982 488 erit,
1006 453 1090 479 non
1122 438 1252 486 aliter,
1276 452 1401 492 quam
1426 444 1595 484 stantes,
1618 436 1789 480 cibum9

372 503 384 521 ⁶
400 498 712 553 potionemque,
760 495 899 551 quoad
948 495 1156 551 stipendia
1202 494 1369 542 facient,
1416 501 1607 548 capturos
1657 506 1755 532 esse.

373 561 385 578 ⁶
402 554 526 594 Hanc
548 554 721 594 multam
743 553 800 594 ita
820 568 954 608 aequo
975 553 1114 593 animo
1135 552 1288 600 feretis,
1311 551 1344 590 si
1364 549 1622 605 reputabitis,
1644 548 1760 589 nulla

374 611 588 666 ‘ignaviae
626 619 724 651 nota
758 610 911 650 leviore
951 625 1023 650 vos
1064 608 1271 663 designari
1311 607 1520 663 potuisse.⁷
1583 605 1759 661 Signum

373 668 527 708 deinde
549 667 773 723 colligendi
789 681 885 707 vasa
904 666 1043 707 dedit:
1073 666 1307 720 militesque
1329 664 1525 720 praedam
1546 670 1760 718 portantes

373 732 641 781 agentesque,
674 739 750 779 per
778 724 986 765 lasciviam
1019 739 1065 764 ac
1096 723 1247 771 iocum,
1280 722 1338 762 ita
1367 719 1591 761 ludibundi
1623 719 1761 760 Bene-

374 790 545 822 ventum
567 781 740 830 rediere,
763 790 810 821 ut
834 781 885 821 ab
906 780 1038 836 epulis
1063 795 1138 835 per
1162 779 1368 820 celebrem
1388 778 1625 832 festumque
1647 776 1760 817 diem

375 839 488 887 actis,
512 853 598 879 non
623 853 674 878 ex
696 838 796 886 acie,
819 838 970 878 reverti
990 837 1241 878 viderentur.
1306 834 1594 875 Beneventani
1618 848 1763 874 omnes

376 895 497 936 turba
527 896 657 936 effusa
688 910 818 950 quum
854 895 1017 935 obviam
1052 894 1106 934 ad
1140 902 1278 948 portas
1313 892 1507 940 exissent,
1540 889 1762 945 complecti

375 952 540 1001 milites,
563 951 771 1007 gratulari,
794 967 941 992 vocare
970 951 1013 991 in
1034 950 1273 1006 hospitium.
1338 952 1553 1005 Apparata
1573 946 1763 988 convivia

376 1009 569 1049 omnibus
600 1009 643 1048 in
674 1008 892 1064 propatulo
924 1008 1091 1048 aedium
1121 1008 1311 1047 fuerant:
1355 1006 1407 1046 ad
1438 1021 1487 1046 ea
1517 1004 1761 1052 invitabant,
1779 1019 1791 1040 1

379 1065 703 1120 Gracchumque
746 1065 932 1113 orabant,
970 1074 1016 1104 111
1051 1064 1210 1119 epulari
1251 1063 1511 1118 permitteret
1548 1061 1760 1102 militibus.

378 1121 434 1162 Et
467 1121 682 1162 Gracchus
713 1122 771 1161 ita
800 1121 1000 1176 permisit,
1032 1120 1075 1160 in
1108 1120 1276 1175 publico
1307 1119 1576 1174 epularentur
1605 1132 1793 1158 omnes.2

377 1178 493 1219 Ante
530 1193 623 1219 suas
659 1178 894 1233 quibusque
931 1177 1038 1217 fores
1074 1176 1233 1231 prolata
1268 1176 1418 1217 omnia.
1493 1174 1657 1223 Pileati,
1693 1182 1795 1218 aut3

376 1235 471 1275 lana
498 1235 590 1276 alba
610 1235 755 1275 velatis
783 1235 987 1290 capitibus
1007 1233 1177 1274 volones
1205 1232 1362 1288 epulati
1390 1240 1513 1280 sunt3
1547 1231 1616 1272 alii
1644 1246 1795 1273 accu-4

376 1293 535 1341 bantes,
558 1292 626 1333 alii
647 1300 813 1340 stantes,
837 1292 909 1346 qui
935 1290 1057 1331 simul
1083 1290 1373 1330 ministrabant
1393 1289 1763 1343 vescebanturque.

378 1349 521 1404 Digna
541 1364 605 1390 res
625 1349 724 1398 visa,
747 1357 794 1389 ut
815 1348 1081 1389 simulacrum
1102 1346 1297 1388 celebrati
1319 1347 1407 1387 eius
1428 1346 1512 1386 diei
1537 1345 1765 1394 Gracchus,

378 1415 600 1461 postquam
624 1406 804 1447 Romam
832 1405 968 1454 rediit,
995 1405 1112 1460 pingi
1141 1405 1304 1445 iuberet
1331 1404 1374 1443 in
1403 1402 1504 1443 aede
1527 1402 1765 1451 Libertatis,

379 1477 505 1517 quam
537 1471 655 1518 pater
685 1463 773 1503 61115
803 1463 847 1502 111
869 1462 1085 1502 Αν61111110
1116 1476 1168 1501 ex
1200 1460 1430 1501 multaticia
1459 1459 1639 1515 pecunia
1668 1458 1797 1505 faci-5

380 1519 533 1560 endam
554 1520 711 1560 curavit
731 1519 1036 1574 dedicavitque.

440 1576 555 1616 Dum
577 1576 679 1616 haec
701 1576 754 1616 ad
776 1575 1067 1616 Beneventum
1088 1584 1304 1630 geruntur,
1329 1573 1556 1622 Hannibal,
1579 1573 1768 1628 depopu-

381 1633 487 1674 latus
504 1648 650 1688 agrum
669 1632 1010 1688 Neapolitanum,
1029 1632 1081 1672 ad
1099 1632 1253 1672 Nolam
1276 1640 1408 1672 castra
1428 1638 1577 1672 movet.
1626 1630 1766 1678 Quem

380 1691 453 1730 ubi
474 1690 696 1731 adventare
718 1689 862 1730 consul
886 1689 1027 1738 sensit,
1050 1689 1285 1743 Pomponio
1313 1696 1578 1743 propraetore
1601 1702 1695 1728 cum
1717 1695 1799 1728 eo6

381 1747 579 1795 exercitu,
614 1747 687 1802 qui
719 1761 843 1801 super
878 1745 1114 1787 Suessulam
1148 1745 1191 1784 in
1223 1745 1365 1785 6351115
1397 1753 1497 1792 6131,
1530 1744 1674 1792 accito,
1707 1744 1766 1784 ire

381 1804 543 1845 obviam
565 1804 674 1844 hosti
694 1811 823 1859 parat,
845 1818 923 1844 1166
945 1817 1101 1842 moram
1123 1801 1350 1842 dimicandi
1372 1801 1517 1841 facere.
1569 1799 1618 1840 C.
1639 1800 1768 1840 Clau-

381 1861 498 1901 dium
533 1860 749 1901 Neronem
785 1874 881 1900 cum
916 1860 1062 1900 robore
1098 1858 1288 1913 equitum
1325 1858 1489 1898 silentio
1525 1857 1659 1897 noctis
1694 1872 1769 1912 per

381 1933 565 1958 aversam
590 1918 771 1958 maxime
800 1918 850 1957 ab
872 1917 989 1957 hoste
1018 1924 1180 1971 portam
1209 1915 1389 1955 emittit:
1423 1914 1768 1955 circumvectum-

382 1990 463 2030 que
481 1974 641 2015 occulte
663 1974 859 2028 subsequi
881 1973 1034 2014 sensim
1052 1987 1201 2027 agmen
1218 1972 1399 2012 hostium
1416 1971 1546 2021 iubet,
1564 1979 1617 2019 et,
1636 1985 1768 2026 quum

382 2040 570 2072 coortum
591 2031 795 2087 proelium
816 2030 988 2078 videret,
1012 2030 1062 2070 ab
1091 2038 1207 2084 tergo
1236 2044 1278 2069 se
1305 2028 1495 2069 obiicere,
1558 2027 1609 2068 Id
1631 2042 1767 2068 errore

424 2170 443 2200 9
464 2162 539 2191 Non
555 2162 660 2197 aliter,
675 2171 768 2200 quam
785 2161 921 2198 stantes]
942 2158 1049 2189 Etiam
1096 2157 1263 2188 omittitur.
1292 2156 1330 2187 cf.
1347 2156 1417 2186 infr.
1434 2155 1545 2186 xxxiii.
1563 2165 1612 2194 45.
1638 2156 1753 2186 DRAK.

382 2202 414 2231 in
431 2212 538 2232 coena.
585 2203 671 2232 Nam
690 2203 784 2241 vulgo
800 2212 910 2232 01111165
932 2205 1052 2231 stantes
1139 2210 1156 2239 3
1172 2201 1309 2237 Pileatz']
1341 2199 1452 2228 Pileus
1467 2201 1534 2228 erat
1551 2197 1706 2228 libertatis
1722 2208 1767 2227 re-

382 2245 592 2282 prandebant.
624 2245 663 2274 cf.
682 2244 769 2283 Lips.
793 2245 833 2274 de
856 2244 929 2274 Mil.
954 2244 1050 2273 Rom.

384 2287 446 2317 xvi.
463 2290 494 2316 et
510 2286 596 2316 xviii.
622 2287 713 2316 ΒΗΚ.

430 2339 441 2358 1
468 2331 511 2359 In
525 2330 697 2368 propatulo
712 2329 855 2365 aedium]
888 2328 927 2358 Id
944 2331 1002 2363 est,
1017 2330 1053 2356 ut

383 2375 468 2401 recte
491 2370 633 2410 explicat
655 2370 838 2405 Douiatius,
854 2370 936 2399 intra
959 2369 1053 2399 aedes

383 2413 525 2451 quidem,
537 2413 591 2443 sed
608 2413 678 2442 loco
694 2416 816 2451 aperto,
829 2413 979 2449 nudoque
994 2412 1052 2441 sub

383 2455 521 2485 aetheris
536 2466 605 2485 axe.
652 2455 695 2484 At
710 2456 745 2484 in
758 2456 885 2493 publico
901 2457 947 2483 est
963 2457 1051 2483 extra

384 2498 490 2532 aedes,
517 2497 549 2526 in
572 2497 641 2536 ipsa
665 2496 716 2527 via
739 2496 878 2535 publica.
925 2496 1052 2534 Itaque,

385 2549 482 2577 quum
499 2539 665 2569 Gracchus
679 2549 744 2568 non
764 2537 955 2577 permisisset
971 2537 1051 2566 mili-

384 2581 469 2610 tibus
481 2581 616 2620 epulari,
625 2580 684 2611 nisi
698 2591 736 2610 ea
747 2581 816 2619 lege
828 2584 862 2610 ut
877 2580 908 2609 in
925 2579 1053 2618 publico

387 2627 597 2657 vescerentur,
625 2623 846 2653 Beneventani
872 2625 947 2652 ante
973 2621 1055 2651 fores

385 2664 517 2701 quisque
544 2665 712 2703 protulisse
734 2675 792 2694 sua
813 2664 919 2693 onmia
945 2663 1053 2693 dicun-

385 2709 445 2735 tur.
469 2706 574 2736 Cnmv.

429 2756 445 2775 2
470 2748 522 2776 Ita
542 2749 698 2785 permisit,
720 2750 756 2777 in
777 2749 922 2787 publico]
951 2747 1054 2786 Saepe

387 2789 575 2818 vocabulum
593 2794 628 2817 ut
645 2793 715 2826 post
734 2790 827 2819 verba
848 2789 1052 2827 permittendi

1096 2246 1210 2281 ceptae
1225 2241 1359 2280 signum.
1407 2240 1495 2270 Hinc
1512 2240 1582 2270 infr.
1602 2249 1650 2277 32.
1667 2241 1687 2255 “
1699 2239 1766 2269 Ser-

1099 2283 1126 2313 vi
1157 2284 1197 2313 ad
1236 2283 1357 2323 pileum
1389 2282 1527 2312 vocati.”
1570 2282 1609 2311 cf.
1635 2282 1766 2312 Sueton.

1098 2326 1176 2356 Ner.
1195 2333 1244 2364 57.

1145 2379 1163 2406 4
1187 2369 1279 2397 Lana
1307 2368 1396 2404 alba]
1438 2367 1514 2402 Qua
1541 2371 1694 2405 tanquam
1721 2365 1766 2395 in-

1097 2410 1176 2449 signi
1192 2410 1318 2440 futurae
1335 2409 1490 2439 libertatis
1505 2410 1686 2438 utebantur.

1141 2462 1158 2491 5
1182 2452 1374 2483 Faciendum
1392 2452 1534 2488 curavit]
1569 2451 1678 2485 Quam
1695 2459 1765 2479 cen-

1097 2504 1148 2524 sor
1169 2498 1224 2524 aut
1252 2493 1358 2533 potius
1379 2492 1492 2523 aedilis
1515 2492 1633 2522 curulis
1655 2501 1765 2530 exege-

1098 2541 1154 2567 rat.
1186 2536 1224 2567 cf.
1242 2546 1325 2575 supr.
1343 2546 1373 2566 x.
1392 2544 1440 2574 33.

1140 2578 1159 2609 6
1182 2579 1358 2617 Pomponio
1370 2578 1595 2616 propraetore]
1620 2574 1764 2614 Assigna-

1099 2620 1143 2650 tio
1159 2621 1266 2659 itaque
1286 2619 1520 2658 provinciarum
1536 2618 1568 2648 in
1584 2617 1674 2647 initio
1690 2616 1765 2646 anni

1099 2663 1184 2692 facta
1198 2662 1262 2692 iam
1278 2664 1415 2698 mutata,
1430 2671 1467 2690 ac
1484 2660 1682 2699 praefectura
1699 2668 1764 2687 cas-

1097 2708 1218 2734 trorum
1251 2713 1347 2742 super
1376 2703 1559 2733 Suessulam
1585 2699 1764 2738 Pomponio

1098 2747 1172 2777 data
1190 2756 1256 2776 esse
1273 2745 1406 2775 videtur.
1435 2744 1473 2774 cf.
1482 2753 1566 2781 supr.
1578 2752 1624 2772 10.
1650 2741 1763 2771 DRAK.
