1877 3178
345 123 427 161 294
855 119 1001 160 ΤΙΤΙ
1042 110 1220 160 LIVII

140 215 186 248 U.
202 216 241 248 C.
263 224 335 257 541·
407 209 608 251 Ceterum
634 225 719 252 non
741 219 943 266 quantum
969 210 1220 266 pertinaciae
1246 210 1298 251 ad
1317 211 1587 266 premendam
1615 210 1723 251 obsi-

138 259 179 290 Α·
203 260 241 290 C.
265 267 472 309 ²¹¹·dione
493 267 683 324 Capuam
702 268 902 309 Romanis
915 268 1005 317 fuit,
1029 276 1188 308 tantum
1206 268 1259 308 ad
1275 268 1580 308 defendendam
1603 267 1724 307 Han-

139 358 173 389 It
189 305 270 389 th2e·
285 358 308 389 i-
348 325 489 366 nibali.
552 325 748 381 Namque
765 341 817 366 ex
835 325 1015 365 Lucanis
1029 325 1072 364 in
1095 325 1307 365 Bruttium
1328 340 1485 380 agrum,
1500 325 1552 366 ad
1571 325 1724 364 fretum

140 411 207 434 um.
264 369 284 400 g
348 397 446 423 vero
473 397 520 423 ac
545 382 758 438 Rhegium
789 398 838 423 eo
866 397 988 422 cursu
1015 382 1243 431 contendit,
1272 391 1319 422 ut
1348 397 1476 437 prope
1507 382 1725 437 repentino

350 440 533 480 adventu
564 440 751 480 incautos
784 440 1041 495 oppresserit.
1107 439 1254 495 Capua
1286 440 1361 480 etsi
1397 438 1527 479 nihilo
1559 438 1725 493 segnius

350 497 513 538 obsessa
531 512 606 552 per
632 512 701 538 eos
723 497 810 537 dies
838 497 981 545 fuerat,
1005 505 1144 537 tamen
1165 497 1390 537 adventum
1419 495 1554 536 Flacci
1574 495 1723 535 sensit:

351 562 394 594 et
425 553 641 594 admiratio
673 562 761 595 orta
791 562 864 603 est,
896 569 981 594 non
1012 553 1133 594 simul
1163 568 1393 609 regressum
1430 551 1724 593 Hannibalem.

351 610 458 651 Inde
480 626 554 666 per
574 611 780 667 colloquia
807 610 1114 659 intellexerunt,
1137 611 1299 652 relictos
1320 626 1361 651 se
1383 609 1662 664 desertosque,
1685 616 1728 648 et

352 682 468 722 spem
502 668 671 723 Capuae
712 668 954 709 retinendae
990 668 1245 722 deploratam
1280 667 1392 723 apud
1431 667 1594 708 Poenos
1627 680 1725 706 esse.

352 724 543 765 Accessit
556 725 738 766 edictum
752 725 1008 780 proconsulis
1022 740 1072 765 ex
1090 725 1445 765 senatusconsulto
1458 723 1728 780 propositum,

353 781 651 837 vulgatumque
678 782 789 837 apud
819 782 980 822 hostes:
1016 782 1115 830 ‘Ut‚
1137 783 1208 837 qui
1234 782 1333 823 civis
1365 781 1605 837 Campanus
1633 788 1728 820 ante

146 845 328 884 Campano·
357 844 368 861 ‘
382 848 536 879 certam
558 839 670 880 diem
693 839 912 887 transisset,
935 840 1022 879 sine
1043 839 1186 879 fraude
1215 840 1345 880 esset.9
1405 838 1497 879 Nec
1520 838 1603 878 ulla
1622 837 1760 880 facta9

144 892 340 960 &xgetsorqor
356 903 418 936 est
444 896 643 944 transitio,
667 905 780 936 metu
806 897 936 951 magis
961 911 1042 945 eos,
1066 911 1191 951 quam
1216 897 1311 945 fide,
1335 896 1598 943 continent03
1632 894 1731 949 quia

144 971 200 1003 tio,
251 940 291 969 pe
308 941 340 961 a*
356 953 512 993 maiora
532 953 575 992 in
592 953 824 993 defectione
846 953 1120 1008 deliquerant,
1143 968 1267 1008 quam
1289 953 1439 1008 quibus
1460 952 1616 1007 ignosci
1636 966 1731 1007 pos-

356 1018 429 1050 set.
494 1008 694 1050 Ceterum
730 1009 1081 1065 quemadmodum
1118 1025 1242 1050 nemo
1274 1011 1433 1065 privato
1469 1009 1640 1050 consilio
1677 1007 1730 1049 ad

355 1066 517 1106 hostem
539 1066 749 1114 transibat,
766 1067 824 1106 ita
844 1066 948 1106 nihil
969 1066 1143 1106 salutare
1165 1067 1208 1106 in
1226 1067 1410 1107 medium
1426 1066 1728 1107 consulebatur.

357 1122 566 1163 Nobilitas
586 1123 886 1178 rempublicam
914 1123 1164 1171 deseruerat,
1187 1138 1323 1178 neque
1352 1124 1395 1163 in
1421 1132 1609 1164 senatum
1638 1122 1731 1177 cogi

355 1188 559 1235 poterant.
621 1180 672 1220 In
694 1180 934 1234 magistratu
954 1190 1093 1220 autem
1114 1189 1213 1229 erat,
1236 1181 1308 1235 qui
1329 1195 1413 1220 non
1434 1180 1511 1220 sibi
1531 1180 1732 1220 honorem

356 1236 585 1286 adiecisset,
608 1237 681 1277 sed
702 1237 949 1292 indignitate
970 1253 1044 1278 sua
1063 1238 1146 1277 vim
1168 1252 1214 1278 ac
1235 1237 1298 1278 ius
1320 1237 1587 1292 magistratui,
1605 1250 1732 1291 quem

356 1295 538 1348 gerebat,
568 1294 822 1350 dempsisset.
886 1294 975 1334 Iam
1000 1310 1052 1335 ne
1078 1295 1122 1334 in
1149 1294 1237 1335 foro
1265 1294 1448 1350 quidem,
1471 1302 1541 1334 aut
1565 1293 1732 1348 publico

357 1351 461 1399 loco,
487 1351 723 1406 principum
750 1352 969 1407 quisquam
995 1352 1235 1407 apparebat:
1269 1351 1461 1392 domibus
1486 1350 1633 1391 inclusi
1660 1365 1734 1406 pa-

357 1407 458 1448 triae
480 1424 669 1448 occasum
687 1424 781 1449 eum
797 1424 871 1449 suo
888 1409 1015 1449 exitio
1029 1409 1073 1449 in
1089 1409 1176 1449 dies
1190 1409 1497 1464 exspectabant.
1563 1407 1734 1448 Summa

357 1479 479 1505 curae
497 1466 629 1505 omnis
645 1466 688 1505 in
710 1466 926 1506 Bostarem
945 1465 1284 1521 Hannonemque
1298 1465 1525 1521 praefectos
1539 1464 1733 1520 praesidii

358 1520 509 1562 Punici
539 1537 654 1562 versa
686 1531 784 1571 crat,
816 1538 902 1572 suo,
937 1538 1021 1563 non
1058 1523 1274 1572 sociorum,
1307 1522 1491 1578 periculo
1525 1522 1730 1563 sollicitos.

151 1583 279 1631 Literae
364 1577 436 1626 Hi,
473 1579 713 1634 conscriptis
749 1580 801 1620 ad
834 1579 1114 1620 Hannibalem
1146 1580 1285 1629 literis,
1319 1595 1404 1620 non
1435 1580 1562 1620 libere
1595 1579 1761 1627 modo,1

151 1626 340 1698 Ξῗῑῗῇἓῐῖἱξῖ
362 1635 434 1675 sed
455 1636 579 1675 etiam
601 1651 754 1690 aspere,
778 1636 940 1691 quibus,
965 1642 975 1659 ‘
989 1652 1073 1677 non
1098 1636 1287 1691 Capuam
1312 1637 1438 1677 solam
1468 1636 1659 1677 traditam
1689 1636 1734 1676 in

150 1711 192 1740 ad
210 1711 334 1741 Hanni·
364 1697 557 1732 ‘manum
582 1692 779 1741 hostibus,
803 1693 876 1733 sed
901 1708 942 1733 se
965 1708 1131 1748 quoque
1163 1703 1203 1734 ct
1234 1694 1486 1748 praesidium
1516 1694 1560 1733 in
1590 1708 1734 1733 omncs

151 1753 268 1784 balem.
365 1749 592 1789 ‘cruciatus
622 1749 832 1804 proditos,’
853 1750 1117 1790 incusabant:
1154 1756 1164 1772 ⁶
1180 1750 1325 1790 abiisse
1348 1766 1441 1790 cum
1469 1750 1512 1790 in
1535 1750 1732 1798 Bruttios,

364 1805 501 1846 ‘velut
521 1815 775 1846 avertentem
797 1821 896 1855 sese,
920 1822 972 1846 ne
997 1807 1143 1862 Capua
1167 1806 1211 1846 in
1232 1806 1361 1846 oculis
1389 1807 1477 1847 eius
1505 1814 1730 1861 caperetur.

363 1868 375 1886 ‘
389 1862 461 1911 At,
485 1862 664 1911 hercule,
688 1863 899 1903 Romanos
919 1878 972 1903 ne
994 1863 1303 1919 oppugnatione
1326 1863 1495 1918 quidem
1518 1863 1629 1903 urbis
1647 1863 1734 1903 Ro-

363 1925 375 1943 ‘
388 1934 532 1960 manae
554 1920 732 1960 abstrahi
754 1921 804 1960 ab
824 1919 971 1975 Capua
991 1920 1219 1960 obsidenda
1239 1921 1432 1975 potuisse.
1478 1920 1615 1961 Tanto
1635 1935 1734 1960 con-

363 1977 627 2017 ‘stantiorem
658 1977 873 2017 inimicum
906 1977 1157 2026 Romanum,
1180 1992 1305 2032 quam
1336 1978 1514 2017 amicum
1542 1977 1731 2017 Poenum

362 2038 485 2074 ‘esse
551 2033 594 2074 Si
620 2034 761 2074 redeat
784 2033 987 2089 Capuam,
1013 2034 1252 2089 bellumque
1285 2049 1406 2074 omne
1438 2049 1486 2074 eo
1516 2042 1660 2082 vertat,
1692 2042 1734 2074 et

363 2096 428 2130 ‘se
450 2100 493 2131 et
516 2089 752 2146 Campanos
782 2100 944 2146 paratos
974 2091 1182 2146 eruptioni
1212 2091 1310 2131 fore.
1374 2090 1474 2131 Non
1501 2105 1596 2131 cum
1619 2090 1734 2131 Rhe-

362 2147 506 2201 ‘ginis,
535 2163 672 2203 neque
706 2148 944 2188 Tarentinis
974 2147 1129 2188 bellum
1159 2158 1345 2203 gesturos
1376 2148 1566 2188 transisse
1589 2147 1730 2202 Alpes.

362 2209 373 2227 ‘
389 2204 474 2244 Ubi
498 2204 712 2245 Romanae
742 2205 926 2260 legiones
956 2205 1050 2253 sint,
1073 2205 1129 2246 ibi
1160 2214 1202 2245 et
1226 2204 1634 2260 Carthaginiensium
1661 2219 1734 2244 ex-

363 2261 537 2301 ‘ercitus
568 2261 718 2302 debere
747 2277 845 2302 esse.
910 2261 977 2302 Sic
1005 2262 1058 2302 ad
1083 2261 1261 2310 Cannas,
1284 2262 1340 2302 sie
1368 2262 1420 2302 ad
1443 2261 1733 2302 Trasimenum

363 2322 373 2340 ‘
387 2332 474 2357 rem
496 2318 601 2358 bene
623 2328 804 2373 gestam3
837 2318 1042 2367 coeundo,
1064 2319 1316 2359 conferendo
1337 2334 1432 2359 cum
1452 2319 1568 2359 hoste
1590 2331 1732 2366 eastra,

363 2374 593 2415 ‘fortunam
607 2375 833 2416 tentando.7
875 2375 927 2415 In
939 2375 1046 2416 hane
1060 2376 1306 2416 sententiam
1323 2375 1463 2416 literae
1479 2375 1732 2430 conscriptae

363 2430 574 2480 Numidis,
596 2432 806 2487 proposita
826 2432 1017 2473 mercede
1048 2433 1129 2473 iam
1159 2433 1348 2488 professis
1369 2447 1547 2488 operam,
1569 2431 1730 2472 dantur.

363 2487 423 2527 Hi
444 2492 579 2543 specie
602 2489 903 2544 transfugarum
925 2505 1055 2544 quum
1080 2489 1132 2530 ad
1153 2490 1346 2530 Flaccum
1376 2490 1420 2529 in
1450 2498 1581 2530 castra
1599 2489 1733 2529 venis-

362 2553 466 2593 sent,
490 2554 535 2586 ut
564 2546 662 2586 inde
695 2554 879 2601 tempore
905 2555 1025 2601 capto
1054 2546 1241 2595 abirent3
1273 2546 1498 2601 famesque,
1521 2561 1626 2601 quae
1648 2554 1732 2586 tam

363 2600 433 2640 diu
458 2601 628 2657 Capuae
650 2612 748 2652 erat,
771 2603 875 2643 nulli
902 2618 988 2644 non
1018 2603 1275 2659 probabilem
1295 2618 1459 2644 causam
1481 2602 1732 2643 transitionis

404 2736 423 2764 9
444 2728 520 2757 Sine
534 2728 658 2764 fraude
678 2730 771 2767 esset]
798 2728 837 2759 Ei
861 2739 902 2758 ne
923 2729 1025 2759 fraudi
1120 2739 1131 2759 1
1162 2730 1222 2765 Hi,
1250 2730 1451 2769 conscriptis]
1502 2728 1626 2758 Pendet
1655 2736 1730 2764 quo-

362 2770 442 2795 csset
468 2769 602 2798 defectio
628 2771 888 2809 Czunpanomnu
919 2771 945 2801 is
968 2772 1024 2801 im·
1069 2772 1239 2802 dammodo
1257 2782 1316 2801 vox
1332 2771 1447 2808 hi,11isi
1464 2771 1542 2800 forte
1558 2768 1728 2798 delendum

361 2808 466 2879 guinis
480 2814 560 2840 esset
572 2812 611 2840 ab
625 2812 710 2842 omni
724 2816 754 2842 et
768 2823 852 2843 noxa
864 2816 895 2843 et
913 2823 1024 2852 poena,
1070 2814 1110 2842 sit
1125 2812 1161 2842 τὸ
1176 2815 1302 2853 quibus,
1317 2817 1353 2843 ut
1372 2813 1542 2852 iungantur
1556 2812 1588 2841 hi
1604 2811 1727 2840 inerma<

393 2859 467 2880 nav.
1072 2856 1156 2886 bant.
