1809 3178
470 112 594 153 Llss.
630 113 754 154 XXI.
800 115 944 157 (JAI’.
987 121 1044 159 17.
1405 128 1451 165 15

63 198 298 254 sioremquc
320 216 459 242 seeum
482 218 772 257 congressuum
808 220 883 245 nec
907 221 990 246 rem
1021 207 1250 250 Romanam
1276 221 1355 253 tam
1379 215 1451 255 ‹le-

63 255 193 295 sidcm
219 271 404 311 unquam
428 259 550 300 fuisse
573 269 698 314 atque
723 261 944 303 imbellem.
1009 264 1172 313 Sardos,
1199 268 1449 325 Corsosque,

33 320 104 352 4ct
127 311 265 362 Istros,
289 323 414 369 atque
445 315 620 371 Illyrios-i,
645 316 850 358 lacessisse
881 320 1022 374 magis,
1047 337 1172 375 quam
1202 328 1449 377 exercuisse,

33 368 257 410 5Romana
287 387 421 412 arma:
456 382 498 412 ct
528 388 622 413 cum
658 373 790 415 Gallis
822 377 1119 418 tumultuatum
1153 381 1301 430 verius,
1325 399 1449 437 quam

32 425 364 479 6bclligeratum.
406 429 608 478 Poenum,
632 430 793 471 hostem
815 442 1070 483 veteranum,
1095 436 1219 476 trium
1242 447 1283 478 et
1306 440 1450 492 viginti

64 497 269 524 annorum
301 485 447 525 militia
483 486 701 527 durissima
732 488 841 528 inter
874 489 1082 545 Hispanas
1111 503 1258 546 gentes
1288 512 1453 552 semper

64 539 276 587 victorem,
315 542 494 596 primum
538 543 790 593 Hamilcare,
828 546 981 587 deinde
1026 548 1301 599 Hasdrubale,
1341 569 1451 595 nune

35 594 304 637 7IIannibale
336 598 441 639 duee
473 601 673 641 acerrimo
705 611 928 651 assuetum,
959 615 1170 647 recentem
1203 609 1254 648 ab
1285 611 1451 651 excidio

64 653 400 707 opulentissimae
433 657 557 705 urbis,
592 657 761 698 iberum
794 661 987 702 transire:
1024 662 1184 704 trahere
1217 680 1357 706 secum
1391 677 1451 708 tot

64 710 222 750 excitos
255 710 538 766 Hispanorum
570 715 768 769 populos:
822 718 1085 759 conciturum
1116 721 1256 761 avidas
1288 739 1452 780 semper

63 781 272 807 armorum
311 768 493 809 Gallicas
527 780 684 825 gentes.
770 772 881 813 Cum
918 776 1016 815 orbe
1054 785 1254 818 terrarum
1292 781 1449 822 bellum

62 823 293 878 gerendum
315 824 358 864 in
381 825 501 867 Italia
521 843 567 868 ac
589 843 664 883 pro
686 831 904 870 moenibus
928 832 1130 874 Romanis
1151 850 1250 876 esse.

31 885 50 915 8
122 879 374 922 Nominatae.
397 883 478 923 iam
508 893 630 925 antea
657 887 896 927 consulibus
925 890 1161 943 provinciae
1184 903 1325 942 erant3
1360 905 1447 936 tum
1538 903 1599 940 17.

63 937 198 976 sortiri
220 938 329 979 iussi.
367 938 566 981 Cornelio
590 942 807 998 Hispania,
834 944 1080 1000 Sempronio
1104 949 1247 990 Africa
1267 967 1361 991 eum
1388 954 1451 993 Si·
1466 956 1549 985 Belli
1570 967 1667 995 31)ιή-

62 993 158 1033 eilia
177 995 330 1036 evenit.
394 996 478 1037 Sex
509 998 551 1038 in
583 1014 678 1039 eum
701 1015 857 1041 annum
880 1002 1070 1045 decretae
1095 1005 1290 1061 legiones,
1314 1019 1353 1049 et
1386 1025 1451 1049 so-
1464 1001 1651 1071 Ῐῗξὲζῖζζξζιιζά

61 1050 173 1090 cium
191 1060 394 1106 quantmn
412 1054 510 1109 ipsis
527 1056 750 1105 videretur,
767 1066 808 1098 ct
825 1058 962 1099 classis
978 1072 1133 1115 quanta
1151 1066 1281 1118 parari
1300 1077 1447 1120 posset.
1481 1056 1493 1070 ι
1553 1061 1558 1070 “
1618 1065 1640 1071 ’”

65 1106 276 1154 Quattuor
292 1118 333 1149 et
349 1110 497 1165 viginti
514 1113 703 1167 peditum
722 1114 1007 1157 Romanorum
1027 1119 1153 1159 millia
1171 1131 1267 1162 sunt
1284 1124 1447 1178 scripta,

61 1171 104 1204 et
133 1164 245 1205 mille
277 1166 506 1221 octingenti
539 1170 724 1224 equites:
778 1173 983 1213 sociorum
1015 1176 1290 1231 quadraginta
1322 1180 1450 1221 millia

61 1220 266 1275 peditum,
299 1232 496 1277 quattuor
527 1226 656 1266 millia
686 1236 728 1267 et
758 1229 1053 1284 quadringenti
1086 1234 1268 1287 equites:
1322 1251 1449 1277 naves

30 1276 267 1318 9ducentae
299 1280 446 1333 viginti
483 1282 820 1337 quinqueremCS,
853 1286 1012 1327 celoces
1043 1289 1190 1342 viginti
1229 1291 1445 1334 deductae.

63 1333 217 1374 Latum
249 1335 347 1376 inde
379 1337 431 1376 ad
462 1339 678 1393 populum,
713 1341 903 1390 ‘vellent‚
928 1342 1131 1394 iuberent,
1156 1348 1310 1401 populo
1345 1350 1449 1390 Car-

64 1396 76 1415 ‘
90 1390 340 1446 thaginiensi
362 1393 517 1434 bellum
540 1395 695 1436 indici.'
732 1397 918 1452 Eiusque
942 1400 1037 1439 belli
1059 1417 1181 1442 causa
1202 1405 1448 1458 supplicatio

62 1462 136 1502 per
166 1448 311 1488 urbem
342 1448 496 1498 habita,
529 1460 654 1506 atque
686 1453 845 1494 adorati
877 1454 948 1503 dii,
980 1465 1025 1496 ut
1056 1457 1162 1498 bene
1195 1474 1241 1499 ae
1273 1461 1450 1503 feliciter

61 1504 260 1553 eveniret,
293 1506 407 1560 quod
438 1507 594 1547 bellum
625 1509 803 1564 populus
837 1510 1051 1553 Romanus
1077 1514 1270 1557 iussisset.
1334 1518 1451 1560 Inter

61 1561 251 1601 consules
292 1561 350 1602 ita
389 1563 531 1618 copiae
573 1565 740 1607 divisae.
817 1567 1064 1623 Sempronio
1105 1571 1225 1613 datae
1267 1574 1450 1629 legiones

60 1617 180 1666 duae,
203 1616 273 1673 (ea
293 1627 496 1673 quaterna
516 1621 645 1663 millia
665 1632 782 1664 erant
804 1625 1007 1679 peditum,
1027 1636 1068 1668 et
1090 1630 1245 1669 treceni
1267 1633 1449 1685 equites)

61 1682 104 1714 et
129 1675 334 1715 sociorum
363 1677 576 1718 sexdecim
606 1679 735 1720 millia
764 1681 967 1736 peditum,
991 1685 1153 1739 equites
1182 1687 1294 1727 mille
1317 1690 1450 1729 octin-

59 1731 198 1785 genti:
233 1747 356 1772 naves
388 1733 534 1789 longae
566 1744 734 1777 centum
767 1739 994 1794 sexaginta,
1021 1741 1181 1782 celoces
1211 1743 1446 1787 duodecim.

64 1786 176 1827 Cum
206 1788 270 1828 his
301 1791 563 1832 terrestribus
593 1793 896 1850 maritimisque
928 1797 1058 1852 copiis
1090 1798 1155 1839 Ti.
1179 1799 1449 1856 Sempronius

59 1845 207 1884 missus
227 1845 271 1884 in
296 1845 477 1887 Siciliam
491 1864 501 1896 ;
535 1848 592 1889 ita
619 1849 663 1889 in
692 1851 879 1892 Africam
908 1855 1232 1906 transmissurus,
1256 1859 1289 1897 si
1311 1859 1363 1898 ad
1384 1875 1448 1900 ar—

59 1901 242 1941 cendum
273 1901 394 1943 Italia
416 1903 606 1946 Poenum
638 1908 782 1948 consul
813 1908 917 1949 alter
946 1911 1042 1951 satis
1064 1922 1181 1953 esset.
1247 1913 1447 1957 Cornelio

32 1957 197 1998 1minus
228 1959 441 2014 copiarum
481 1962 639 2012 datum,
672 1964 771 2018 quia
802 1965 850 2006 L.
871 1966 1057 2008 Manlius
1092 1978 1257 2024 praetor
1287 1981 1329 2012 et
1359 1973 1446 2027 ipse

28 2028 156 2054 2cum
176 2014 289 2055 haud
309 2016 492 2058 invalido
520 2020 726 2074 praesidio
754 2021 798 2061 in
831 2022 1012 2064 Galliam
1041 2026 1294 2069 mittebatur.
1358 2029 1447 2070 Na-

1471 223 1510 253 U.
1530 225 1565 253 (¹.
1585 233 1655 262 534.

1469 268 1504 296 A.
1529 268 1566 297 C.
1588 270 1658 298 218.

102 2165 121 2192 4
143 2155 320 2186 Lacessisse
337 2157 452 2195 mayz's]
481 2158 565 2188 Cum
584 2159 633 2189 his
649 2159 732 2189 inter

58 2196 181 2226 bellum
208 2197 366 2227 Punicum
394 2199 533 2237 primum
560 2205 592 2231 et
618 2211 730 2231 secun-

59 2239 137 2268 dum
151 2239 291 2269 Romani
306 2240 392 2270 bella
405 2246 579 2279 gesserant,
592 2243 730 2273 lacessiti

59 2280 170 2319 magis,
199 2291 240 2310 ne
270 2281 482 2320 quiescerent,
510 2295 607 2323 quam
635 2285 731 2316 armis

59 2322 200 2353 exerciti.

104 2372 120 2402 5
139 2364 218 2394 Cum
235 2366 354 2403 Gallis]
373 2366 558 2406 Cisalpinis,
571 2368 625 2407 qui
642 2379 730 2407 proe-

60 2405 111 2435 liis
134 2406 235 2444 magis
258 2409 486 2446 tumultuariis,
514 2420 610 2448 quam
640 2411 731 2441 iustis

59 2457 126 2477 rem
142 2452 311 2485 gesserant.

102 2488 122 2519 6
148 2491 255 2519 Trium
277 2495 307 2520 et
327 2492 442 2529 riyinti
462 2495 638 2530 annorum]
665 2494 730 2524 Tot

60 2530 146 2560 enim
161 2531 237 2560 anni
252 2531 334 2561 inter
349 2533 488 2570 primum
506 2538 537 2563 et
552 2536 728 2565 seeundum

59 2573 183 2602 bellum
201 2573 360 2602 Punicum
377 2573 597 2606 interfuerant.

106 2622 122 2653 7
137 2616 326 2652 Assnetum]
346 2625 388 2646 se.
404 2617 588 2647 Dua-issima
606 2619 733 2655 militia,

60 2656 200 2687 ablativo
216 2657 270 2686 rei.

103 2699 122 2728 8
156 2699 236 2728 Tum
270 2700 379 2729 sortiri
416 2701 511 2737 iussi]
551 2702 653 2731 Izcssis
690 2712 730 2732 ex

61 2740 286 2770 emendatione
311 2741 453 2772 Gronov.
476 2741 509 2771 in
535 2747 660 2772 textum
684 2754 729 2774 re-

61 2781 167 2820 posuit
192 2782 345 2821 Bekker„
374 2783 632 2823 interpunctione
660 2787 729 2816 sub-

62 2824 137 2855 lata.

818 2171 837 2201 9
862 2162 1000 2200 Celoees]
1028 2163 1129 2194 Levia
1150 2165 1278 2205 navigia
1298 2167 1366 2198 sine
1383 2178 1445 2199 ros-

775 2203 838 2233 tris.
864 2204 969 2234 Cnssv.

822 2255 833 2274 1
860 2247 896 2276 L.
918 2248 1070 2277 sslanlius
1094 2251 1242 2287 praetor]
1279 2251 1447 2282 Praetores

775 2286 836 2316 hoc
861 2297 945 2317 anno
967 2289 1108 2327 fuerunt,
1129 2295 1165 2321 ut
1190 2302 1229 2321 ex
1252 2293 1346 2323 valiis
1363 2293 1446 2323 Livii

776 2329 855 2358 locis
871 2329 1041 2368 colligitur,
1058 2332 1094 2362 L.
1108 2333 1252 2363 Manlius
1270 2335 1384 2371 Vulso,
1398 2336 1445 2365 M.

776 2371 934 2401 Aemilius
962 2373 1116 2411 Lepidus,
1140 2375 1176 2405 C.
1195 2376 1314 2405 Atilius
1342 2378 1445 2406 Serra-

775 2422 845 2448 nuS,
862 2414 899 2443 C.
916 2414 1086 2444 Terentius
1103 2416 1215 2446 Varro.
1263 2418 1388 2447 Horum
1408 2419 1444 2448 L.

774 2454 919 2484 Manlius
943 2455 1097 2494 Galliam,
1122 2457 1169 2487 M.
1184 2458 1342 2487 Aemilius
1367 2459 1445 2489 Sici-

774 2495 850 2525 liam
877 2496 1093 2528 obtinuerunt.
1139 2499 1176 2528 C.
1195 2499 1296 2528 Atilio
1321 2500 1446 2530 videtur

774 2537 876 2575 primo
899 2538 1047 2576 obtigisse
1069 2539 1234 2577 peregrina
1258 2540 1445 2579 iurisdictio,

774 2578 901 2614 deinde,
924 2579 1164 2617 ingravescente
1188 2582 1286 2619 bello,
1303 2581 1444 2622 Ligures.

776 2620 812 2650 C.
831 2619 1001 2650 Terentius
1017 2622 1170 2651 urbanam
1192 2623 1445 2656 iurisdictionem

776 2661 915 2697 sortitus,
942 2666 986 2699 et,
1010 2663 1141 2694 absente
1166 2665 1278 2702 Atilio,
1309 2669 1445 2707 peregri-

774 2713 848 2732 nam
860 2713 986 2742 quoque
999 2705 1176 2736 exercuisse
1190 2707 1324 2739 videtur.
1339 2710 1445 2742 CREV.

775 2745 813 2775 cf.
834 2745 903 2776 Pol.
920 2745 962 2775 iii.
980 2756 1030 2784 40.

820 2797 835 2817 2
860 2789 902 2817 In
920 2789 1076 2827 Galliam]
1102 2789 1311 2830 Cisalpinam.
