<?xml version="1.0" encoding="UTF-8"?>
<!DOCTYPE html PUBLIC "-//W3C//DTD XHTML 1.0 Transitional//EN"
    "http://www.w3.org/TR/xhtml1/DTD/xhtml1-transitional.dtd">
<html xmlns="http://www.w3.org/1999/xhtml" xml:lang="en" lang="en">
 <head>
  <title>
</title>
<meta http-equiv="Content-Type" content="text/html;charset=utf-8" />
  <meta name='ocr-system' content='tesseract 3.04.00' />
  <meta name='ocr-capabilities' content='ocr_page ocr_carea ocr_par ocr_line ocrx_word'/>
</head>
<body>
  <div class='ocr_page' id='page_1' title='image "./historiarumaburb02livyuoft_0358.png"; bbox 0 0 1877 3178; ppageno 0'>
   <div class='ocr_carea' id='block_1_1' title="bbox 363 106 1234 154">
    <p class='ocr_par' dir='ltr' id='par_1_1' title="bbox 363 106 1234 154">
     <span class='ocr_line' id='line_1_1' title="bbox 363 106 1234 154; baseline -0.003 -3"><span class='ocrx_word' id='word_1_1' title='bbox 363 116 445 154; x_wconf 78' lang='lat'>348</span> <span class='ocrx_word' id='word_1_2' title='bbox 866 108 1013 150; x_wconf 88' lang='lat' dir='ltr'>TITI</span> <span class='ocrx_word' id='word_1_3' title='bbox 1056 106 1234 149; x_wconf 91' lang='lat' dir='ltr'><strong>LIVII</strong></span> 
     </span>
    </p>
   </div>
   <div class='ocr_carea' id='block_1_2' title="bbox 154 193 1801 2232">
    <p class='ocr_par' dir='ltr' id='par_1_2' title="bbox 155 193 1750 256">
     <span class='ocr_line' id='line_1_2' title="bbox 155 193 1750 256; baseline -0.006 -14"><span class='ocrx_word' id='word_1_4' title='bbox 155 212 199 243; x_wconf 90' lang='lat' dir='ltr'>U.</span> <span class='ocrx_word' id='word_1_5' title='bbox 217 211 254 242; x_wconf 87' lang='lat' dir='ltr'>C.</span> <span class='ocrx_word' id='word_1_6' title='bbox 279 201 431 249; x_wconf 71' lang='lat' dir='ltr'><strong>542.Ti.</strong></span> <span class='ocrx_word' id='word_1_7' title='bbox 458 199 694 256; x_wconf 83' lang='lat' dir='ltr'>Sempronii</span> <span class='ocrx_word' id='word_1_8' title='bbox 725 198 774 240; x_wconf 85' lang='lat' dir='ltr'>C.</span> <span class='ocrx_word' id='word_1_9' title='bbox 800 198 844 239; x_wconf 91' lang='lat' dir='ltr'>F.</span> <span class='ocrx_word' id='word_1_10' title='bbox 864 197 1002 253; x_wconf 83' lang='lat' dir='ltr'>Longi</span> <span class='ocrx_word' id='word_1_11' title='bbox 1031 196 1097 237; x_wconf 92' lang='lat' dir='ltr'>Ti.</span> <span class='ocrx_word' id='word_1_12' title='bbox 1125 195 1395 251; x_wconf 79' lang='lat' dir='ltr'>Sempronius</span> <span class='ocrx_word' id='word_1_13' title='bbox 1422 194 1488 235; x_wconf 87' lang='lat' dir='ltr'>Ti.</span> <span class='ocrx_word' id='word_1_14' title='bbox 1513 194 1557 235; x_wconf 82' lang='lat' dir='ltr'>F.</span> <span class='ocrx_word' id='word_1_15' title='bbox 1577 193 1750 248; x_wconf 83' lang='lat' dir='ltr'>Longus</span> 
     </span>
    </p>

    <p class='ocr_par' dir='ltr' id='par_1_3' title="bbox 154 248 1784 412">
     <span class='ocr_line' id='line_1_3' title="bbox 154 248 1748 300; baseline -0.008 1"><span class='ocrx_word' id='word_1_16' title='bbox 154 254 194 285; x_wconf 70' lang='grc' dir='ltr'>Α·</span> <span class='ocrx_word' id='word_1_17' title='bbox 218 254 256 284; x_wconf 87' lang='lat' dir='ltr'>C.</span> <span class='ocrx_word' id='word_1_18' title='bbox 280 262 351 283; x_wconf 84' lang='lat'><strong>²¹0·</strong></span> <span class='ocrx_word' id='word_1_19' title='bbox 363 258 572 299; x_wconf 84' lang='lat' dir='ltr'>suffectus.</span> <span class='ocrx_word' id='word_1_20' title='bbox 637 256 697 298; x_wconf 90' lang='lat' dir='ltr'>M.</span> <span class='ocrx_word' id='word_1_21' title='bbox 723 254 909 296; x_wconf 84' lang='lat' dir='ltr'>Marcius</span> <span class='ocrx_word' id='word_1_22' title='bbox 941 269 1015 295; x_wconf 85' lang='lat' dir='ltr'>rex</span> <span class='ocrx_word' id='word_1_23' title='bbox 1046 267 1255 294; x_wconf 88' lang='lat' dir='ltr'>sacrorum</span> <span class='ocrx_word' id='word_1_24' title='bbox 1289 260 1476 292; x_wconf 89' lang='lat' dir='ltr'>mortuus</span> <span class='ocrx_word' id='word_1_25' title='bbox 1507 259 1581 300; x_wconf 85' lang='lat' dir='ltr'>est,</span> <span class='ocrx_word' id='word_1_26' title='bbox 1612 258 1655 291; x_wconf 88' lang='lat' dir='ltr'>et</span> <span class='ocrx_word' id='word_1_27' title='bbox 1686 248 1748 289; x_wconf 90' lang='lat' dir='ltr'>M.</span> 
     </span>
     <span class='ocr_line' id='line_1_4' title="bbox 366 306 1784 368; baseline -0.007 -13"><span class='ocrx_word' id='word_1_28' title='bbox 366 314 573 355; x_wconf 88' lang='lat' dir='ltr'>Aemilius</span> <span class='ocrx_word' id='word_1_29' title='bbox 608 314 747 368; x_wconf 85' lang='lat' dir='ltr'>Papus</span> <span class='ocrx_word' id='word_1_30' title='bbox 778 312 983 353; x_wconf 86' lang='lat' dir='ltr'>maximus</span> <span class='ocrx_word' id='word_1_31' title='bbox 1013 310 1151 351; x_wconf 86' lang='lat' dir='ltr'>curio:</span> <span class='ocrx_word' id='word_1_32' title='bbox 1195 324 1332 364; x_wconf 90' lang='lat' dir='ltr'>neque</span> <span class='ocrx_word' id='word_1_33' title='bbox 1364 308 1408 348; x_wconf 90' lang='lat' dir='ltr'>in</span> <span class='ocrx_word' id='word_1_34' title='bbox 1439 322 1582 348; x_wconf 86' lang='lat' dir='ltr'>eorum</span> <span class='ocrx_word' id='word_1_35' title='bbox 1612 306 1784 348; x_wconf 74' lang='lat' dir='ltr'>locumss</span> 
     </span>
     <span class='ocr_line' id='line_1_5' title="bbox 365 368 994 412; baseline -0.008 0"><span class='ocrx_word' id='word_1_36' title='bbox 365 371 600 412; x_wconf 82' lang='lat' dir='ltr'>sacerdotes</span> <span class='ocrx_word' id='word_1_37' title='bbox 622 386 671 411; x_wconf 90' lang='lat' dir='ltr'>eo</span> <span class='ocrx_word' id='word_1_38' title='bbox 689 384 798 410; x_wconf 90' lang='lat' dir='ltr'>anno</span> <span class='ocrx_word' id='word_1_39' title='bbox 820 368 994 409; x_wconf 88' lang='lat' dir='ltr'>suffecti.</span> 
     </span>
    </p>

    <p class='ocr_par' dir='ltr' id='par_1_4' title="bbox 157 419 1792 1050">
     <span class='ocr_line' id='line_1_6' title="bbox 157 419 1755 468; baseline -0.006 -1"><span class='ocrx_word' id='word_1_40' title='bbox 157 437 323 467; x_wconf 79' lang='lat' dir='ltr'>Censores,</span> <span class='ocrx_word' id='word_1_41' title='bbox 425 428 481 468; x_wconf 84' lang='lat' dir='ltr'>Et</span> <span class='ocrx_word' id='word_1_42' title='bbox 503 442 694 468; x_wconf 84' lang='lat' dir='ltr'>censores</span> <span class='ocrx_word' id='word_1_43' title='bbox 723 426 790 466; x_wconf 91' lang='lat' dir='ltr'>hic</span> <span class='ocrx_word' id='word_1_44' title='bbox 819 439 952 465; x_wconf 86' lang='lat' dir='ltr'>annus</span> <span class='ocrx_word' id='word_1_45' title='bbox 973 423 1119 464; x_wconf 85' lang='lat' dir='ltr'>habuit</span> <span class='ocrx_word' id='word_1_46' title='bbox 1147 422 1196 463; x_wconf 94' lang='lat' dir='ltr'>L.</span> <span class='ocrx_word' id='word_1_47' title='bbox 1217 421 1441 462; x_wconf 84' lang='lat' dir='ltr'>Veturium</span> <span class='ocrx_word' id='word_1_48' title='bbox 1468 419 1690 461; x_wconf 84' lang='lat' dir='ltr'>Philonem</span> <span class='ocrx_word' id='word_1_49' title='bbox 1712 427 1755 459; x_wconf 92' lang='lat' dir='ltr'>et</span> 
     </span>
     <span class='ocr_line' id='line_1_7' title="bbox 366 475 1756 534; baseline -0.007 -9"><span class='ocrx_word' id='word_1_50' title='bbox 366 485 414 526; x_wconf 91' lang='lat' dir='ltr'>P.</span> <span class='ocrx_word' id='word_1_51' title='bbox 434 485 647 525; x_wconf 89' lang='lat' dir='ltr'>Licinium</span> <span class='ocrx_word' id='word_1_52' title='bbox 672 483 882 530; x_wconf 80' lang='lat' dir='ltr'>Crassum,</span> <span class='ocrx_word' id='word_1_53' title='bbox 906 481 1134 521; x_wconf 85' lang='lat' dir='ltr'>maximum</span> <span class='ocrx_word' id='word_1_54' title='bbox 1162 478 1420 534; x_wconf 89' lang='lat' dir='ltr'>pontificem.</span> <span class='ocrx_word' id='word_1_55' title='bbox 1485 476 1660 517; x_wconf 86' lang='lat' dir='ltr'>Crassus</span> <span class='ocrx_word' id='word_1_56' title='bbox 1681 475 1756 515; x_wconf 87' lang='lat' dir='ltr'>Li·-</span> 
     </span>
     <span class='ocr_line' id='line_1_8' title="bbox 367 536 1756 593; baseline -0.008 -11"><span class='ocrx_word' id='word_1_57' title='bbox 367 541 503 582; x_wconf 90' lang='lat' dir='ltr'>cinius</span> <span class='ocrx_word' id='word_1_58' title='bbox 524 556 602 581; x_wconf 91' lang='lat' dir='ltr'>nec</span> <span class='ocrx_word' id='word_1_59' title='bbox 623 539 780 587; x_wconf 91' lang='lat' dir='ltr'>consul,</span> <span class='ocrx_word' id='word_1_60' title='bbox 804 554 881 579; x_wconf 91' lang='lat' dir='ltr'>nec</span> <span class='ocrx_word' id='word_1_61' title='bbox 902 546 1067 593; x_wconf 88' lang='lat' dir='ltr'>praetor</span> <span class='ocrx_word' id='word_1_62' title='bbox 1087 544 1182 576; x_wconf 88' lang='lat' dir='ltr'>ante</span> <span class='ocrx_word' id='word_1_63' title='bbox 1212 536 1357 583; x_wconf 85' lang='lat' dir='ltr'>fuerat,</span> <span class='ocrx_word' id='word_1_64' title='bbox 1381 549 1506 589; x_wconf 89' lang='lat' dir='ltr'>quam</span> <span class='ocrx_word' id='word_1_65' title='bbox 1528 547 1674 573; x_wconf 89' lang='lat' dir='ltr'>censor</span> <span class='ocrx_word' id='word_1_66' title='bbox 1694 539 1756 572; x_wconf 89' lang='lat' dir='ltr'>est</span> 
     </span>
     <span class='ocr_line' id='line_1_9' title="bbox 369 587 1757 650; baseline -0.008 -11"><span class='ocrx_word' id='word_1_67' title='bbox 369 598 523 638; x_wconf 88' lang='lat' dir='ltr'>factus:</span> <span class='ocrx_word' id='word_1_68' title='bbox 563 612 615 637; x_wconf 85' lang='lat' dir='ltr'>ex</span> <span class='ocrx_word' id='word_1_69' title='bbox 646 596 856 637; x_wconf 82' lang='lat' dir='ltr'>aedilitate</span> <span class='ocrx_word' id='word_1_70' title='bbox 887 594 1063 650; x_wconf 82' lang='lat' dir='ltr'>gradum</span> <span class='ocrx_word' id='word_1_71' title='bbox 1094 593 1146 633; x_wconf 88' lang='lat' dir='ltr'>ad</span> <span class='ocrx_word' id='word_1_72' title='bbox 1177 606 1393 633; x_wconf 82' lang='lat' dir='ltr'>censuram</span> <span class='ocrx_word' id='word_1_73' title='bbox 1424 590 1533 631; x_wconf 89' lang='lat' dir='ltr'>fecit.</span> <span class='ocrx_word' id='word_1_74' title='bbox 1599 588 1683 629; x_wconf 86' lang='lat' dir='ltr'>Sed</span> <span class='ocrx_word' id='word_1_75' title='bbox 1712 587 1757 627; x_wconf 90' lang='lat' dir='ltr'>hi</span> 
     </span>
     <span class='ocr_line' id='line_1_10' title="bbox 370 645 1757 709; baseline -0.009 -13"><span class='ocrx_word' id='word_1_76' title='bbox 370 669 561 696; x_wconf 83' lang='lat' dir='ltr'>censores</span> <span class='ocrx_word' id='word_1_77' title='bbox 588 668 727 709; x_wconf 89' lang='lat' dir='ltr'>neque</span> <span class='ocrx_word' id='word_1_78' title='bbox 759 661 949 693; x_wconf 88' lang='lat' dir='ltr'>senatum</span> <span class='ocrx_word' id='word_1_79' title='bbox 978 651 1182 706; x_wconf 80' lang='lat' dir='ltr'>legerunt,</span> <span class='ocrx_word' id='word_1_80' title='bbox 1206 664 1283 689; x_wconf 90' lang='lat' dir='ltr'>nec</span> <span class='ocrx_word' id='word_1_81' title='bbox 1312 648 1537 703; x_wconf 87' lang='lat' dir='ltr'>quicquam</span> <span class='ocrx_word' id='word_1_82' title='bbox 1565 645 1757 701; x_wconf 91' lang='lat' dir='ltr'>publicae</span> 
     </span>
     <span class='ocr_line' id='line_1_11' title="bbox 371 701 1790 765; baseline -0.008 -13"><span class='ocrx_word' id='word_1_83' title='bbox 371 712 431 752; x_wconf 90' lang='lat' dir='ltr'>rei</span> <span class='ocrx_word' id='word_1_84' title='bbox 466 720 665 765; x_wconf 76' lang='lat' dir='ltr'>egerunt:</span> <span class='ocrx_word' id='word_1_85' title='bbox 709 724 819 750; x_wconf 92' lang='lat' dir='ltr'>mors</span> <span class='ocrx_word' id='word_1_86' title='bbox 849 708 1017 748; x_wconf 87' lang='lat' dir='ltr'>diremit</span> <span class='ocrx_word' id='word_1_87' title='bbox 1048 707 1097 747; x_wconf 88' lang='lat' dir='ltr'>L.</span> <span class='ocrx_word' id='word_1_88' title='bbox 1121 705 1299 746; x_wconf 89' lang='lat' dir='ltr'>Veturii.</span> <span class='ocrx_word' id='word_1_89' title='bbox 1361 704 1467 744; x_wconf 88' lang='lat' dir='ltr'>Inde</span> <span class='ocrx_word' id='word_1_90' title='bbox 1498 712 1541 743; x_wconf 90' lang='lat' dir='ltr'>et</span> <span class='ocrx_word' id='word_1_91' title='bbox 1571 701 1790 747; x_wconf 89' lang='lat' dir='ltr'>Licinius9</span> 
     </span>
     <span class='ocr_line' id='line_1_12' title="bbox 372 757 1756 809; baseline -0.009 0"><span class='ocrx_word' id='word_1_92' title='bbox 372 783 547 809; x_wconf 86' lang='lat' dir='ltr'>censura</span> <span class='ocrx_word' id='word_1_93' title='bbox 578 783 620 807; x_wconf 90' lang='lat' dir='ltr'>se</span> <span class='ocrx_word' id='word_1_94' title='bbox 652 766 869 807; x_wconf 88' lang='lat' dir='ltr'>abdicavit.</span> <span class='ocrx_word' id='word_1_95' title='bbox 932 763 1105 805; x_wconf 82' lang='lat' dir='ltr'>Aediles</span> <span class='ocrx_word' id='word_1_96' title='bbox 1136 762 1300 803; x_wconf 90' lang='lat' dir='ltr'>curules</span> <span class='ocrx_word' id='word_1_97' title='bbox 1331 761 1380 802; x_wconf 92' lang='lat' dir='ltr'>L.</span> <span class='ocrx_word' id='word_1_98' title='bbox 1404 759 1606 801; x_wconf 88' lang='lat' dir='ltr'>Veturius</span> <span class='ocrx_word' id='word_1_99' title='bbox 1637 766 1679 798; x_wconf 89' lang='lat' dir='ltr'>et</span> <span class='ocrx_word' id='word_1_100' title='bbox 1708 757 1756 797; x_wconf 88' lang='lat' dir='ltr'>P.</span> 
     </span>
     <span class='ocr_line' id='line_1_13' title="bbox 374 817 1789 865; baseline -0.008 0"><span class='ocrx_word' id='word_1_101' title='bbox 374 825 563 865; x_wconf 91' lang='lat' dir='ltr'>Licinius</span> <span class='ocrx_word' id='word_1_102' title='bbox 591 823 729 864; x_wconf 86' lang='lat' dir='ltr'>Varus</span> <span class='ocrx_word' id='word_1_103' title='bbox 761 822 880 863; x_wconf 91' lang='lat' dir='ltr'>ludos</span> <span class='ocrx_word' id='word_1_104' title='bbox 914 821 1127 861; x_wconf 88' lang='lat' dir='ltr'>Romanos</span> <span class='ocrx_word' id='word_1_105' title='bbox 1155 819 1267 860; x_wconf 90' lang='lat' dir='ltr'>diem</span> <span class='ocrx_word' id='word_1_106' title='bbox 1298 833 1429 858; x_wconf 90' lang='lat' dir='ltr'>unum</span> <span class='ocrx_word' id='word_1_107' title='bbox 1466 817 1757 856; x_wconf 88' lang='lat' dir='ltr'>instaurarunt.</span> <span class='ocrx_word' id='word_1_108' title='bbox 1776 832 1789 852; x_wconf 93' lang='lat'>1</span> 
     </span>
     <span class='ocr_line' id='line_1_14' title="bbox 376 870 1761 935; baseline -0.009 -13"><span class='ocrx_word' id='word_1_109' title='bbox 376 881 549 922; x_wconf 88' lang='lat' dir='ltr'>Aediles</span> <span class='ocrx_word' id='word_1_110' title='bbox 565 880 697 935; x_wconf 89' lang='lat' dir='ltr'>plebis</span> <span class='ocrx_word' id='word_1_111' title='bbox 717 879 770 926; x_wconf 84' lang='lat' dir='ltr'>Q.</span> <span class='ocrx_word' id='word_1_112' title='bbox 790 878 937 919; x_wconf 89' lang='lat' dir='ltr'>Catius</span> <span class='ocrx_word' id='word_1_113' title='bbox 954 886 996 918; x_wconf 88' lang='lat' dir='ltr'>et</span> <span class='ocrx_word' id='word_1_114' title='bbox 1013 877 1061 917; x_wconf 88' lang='lat' dir='ltr'><strong>L.</strong></span> <span class='ocrx_word' id='word_1_115' title='bbox 1078 876 1253 916; x_wconf 90' lang='lat' dir='ltr'>Porcius</span> <span class='ocrx_word' id='word_1_116' title='bbox 1270 874 1443 915; x_wconf 86' lang='lat' dir='ltr'>Licinus</span> <span class='ocrx_word' id='word_1_117' title='bbox 1460 888 1513 913; x_wconf 80' lang='lat' dir='ltr'>ex</span> <span class='ocrx_word' id='word_1_118' title='bbox 1530 870 1761 912; x_wconf 87' lang='lat' dir='ltr'>multaticio</span> 
     </span>
     <span class='ocr_line' id='line_1_15' title="bbox 374 930 1792 993; baseline -0.008 -15"><span class='ocrx_word' id='word_1_119' title='bbox 374 947 545 993; x_wconf 77' lang='lat' dir='ltr'>argento</span> <span class='ocrx_word' id='word_1_120' title='bbox 566 937 684 991; x_wconf 74' lang='lat' dir='ltr'>signa</span> <span class='ocrx_word' id='word_1_121' title='bbox 705 950 834 976; x_wconf 87' lang='lat' dir='ltr'>aenea</span> <span class='ocrx_word' id='word_1_122' title='bbox 862 935 914 974; x_wconf 90' lang='lat' dir='ltr'>ad</span> <span class='ocrx_word' id='word_1_123' title='bbox 939 933 1104 974; x_wconf 90' lang='lat' dir='ltr'>Cereris</span> <span class='ocrx_word' id='word_1_124' title='bbox 1126 932 1303 972; x_wconf 89' lang='lat' dir='ltr'>dedere:</span> <span class='ocrx_word' id='word_1_125' title='bbox 1337 940 1379 971; x_wconf 87' lang='lat' dir='ltr'>et</span> <span class='ocrx_word' id='word_1_126' title='bbox 1404 930 1536 978; x_wconf 88' lang='lat' dir='ltr'>ludos,</span> <span class='ocrx_word' id='word_1_127' title='bbox 1559 943 1634 984; x_wconf 89' lang='lat' dir='ltr'>pro</span> <span class='ocrx_word' id='word_1_128' title='bbox 1657 936 1792 968; x_wconf 81' lang='lat' dir='ltr'>tem-2</span> 
     </span>
     <span class='ocr_line' id='line_1_16' title="bbox 374 989 1444 1050; baseline -0.007 -16"><span class='ocrx_word' id='word_1_129' title='bbox 374 995 485 1050; x_wconf 87' lang='lat' dir='ltr'>poris</span> <span class='ocrx_word' id='word_1_130' title='bbox 506 994 594 1033; x_wconf 91' lang='lat' dir='ltr'>eius</span> <span class='ocrx_word' id='word_1_131' title='bbox 616 993 747 1047; x_wconf 87' lang='lat' dir='ltr'>copia,</span> <span class='ocrx_word' id='word_1_132' title='bbox 771 991 982 1046; x_wconf 82' lang='lat' dir='ltr'>magnifici</span> <span class='ocrx_word' id='word_1_133' title='bbox 1004 998 1224 1045; x_wconf 87' lang='lat' dir='ltr'>apparatus</span> <span class='ocrx_word' id='word_1_134' title='bbox 1244 989 1444 1028; x_wconf 87' lang='lat' dir='ltr'>fecerunt.</span> 
     </span>
    </p>

    <p class='ocr_par' dir='ltr' id='par_1_5' title="bbox 169 1040 1767 1275">
     <span class='ocr_line' id='line_1_17' title="bbox 243 1040 1763 1101; baseline -0.007 -11"><span class='ocrx_word' id='word_1_135' title='bbox 243 1051 280 1090; x_wconf 84' lang='lat'>7.</span> <span class='ocrx_word' id='word_1_136' title='bbox 434 1050 564 1090; x_wconf 78' lang='lat' dir='ltr'>Exitu</span> <span class='ocrx_word' id='word_1_137' title='bbox 586 1050 684 1089; x_wconf 89' lang='lat' dir='ltr'>anni</span> <span class='ocrx_word' id='word_1_138' title='bbox 706 1048 842 1095; x_wconf 88' lang='lat' dir='ltr'>huius,</span> <span class='ocrx_word' id='word_1_139' title='bbox 866 1047 933 1087; x_wconf 88' lang='lat' dir='ltr'>die</span> <span class='ocrx_word' id='word_1_140' title='bbox 957 1055 1105 1101; x_wconf 87' lang='lat' dir='ltr'>quarto</span> <span class='ocrx_word' id='word_1_141' title='bbox 1130 1054 1171 1085; x_wconf 90' lang='lat' dir='ltr'>et</span> <span class='ocrx_word' id='word_1_142' title='bbox 1193 1045 1412 1091; x_wconf 88' lang='lat' dir='ltr'>tricesimo,</span> <span class='ocrx_word' id='word_1_143' title='bbox 1437 1057 1563 1097; x_wconf 86' lang='lat' dir='ltr'>quam</span> <span class='ocrx_word' id='word_1_144' title='bbox 1585 1041 1636 1081; x_wconf 90' lang='lat' dir='ltr'>ab</span> <span class='ocrx_word' id='word_1_145' title='bbox 1658 1040 1763 1080; x_wconf 85' lang='lat' dir='ltr'>Tar-</span> 
     </span>
     <span class='ocr_line' id='line_1_18' title="bbox 171 1098 1763 1161; baseline -0.008 -12"><span class='ocrx_word' id='word_1_146' title='bbox 171 1107 351 1154; x_wconf 59' lang='lat' dir='ltr'>Laeliusex</span> <span class='ocrx_word' id='word_1_147' title='bbox 376 1122 525 1147; x_wconf 88' lang='lat' dir='ltr'>racone</span> <span class='ocrx_word' id='word_1_148' title='bbox 548 1105 757 1161; x_wconf 87' lang='lat' dir='ltr'>profectus</span> <span class='ocrx_word' id='word_1_149' title='bbox 778 1112 878 1152; x_wconf 84' lang='lat' dir='ltr'>erat,</span> <span class='ocrx_word' id='word_1_150' title='bbox 905 1102 954 1143; x_wconf 90' lang='lat' dir='ltr'><strong>C.</strong></span> <span class='ocrx_word' id='word_1_151' title='bbox 975 1102 1144 1143; x_wconf 89' lang='lat' dir='ltr'>Laelius</span> <span class='ocrx_word' id='word_1_152' title='bbox 1164 1101 1325 1155; x_wconf 80' lang='lat' dir='ltr'>legatus</span> <span class='ocrx_word' id='word_1_153' title='bbox 1350 1099 1554 1154; x_wconf 86' lang='lat' dir='ltr'>Scipionis</span> <span class='ocrx_word' id='word_1_154' title='bbox 1584 1098 1763 1137; x_wconf 79' lang='lat' dir='ltr'>Romam</span> 
     </span>
     <span class='ocr_line' id='line_1_19' title="bbox 169 1150 1764 1222; baseline -0.008 -16"><span class='ocrx_word' id='word_1_155' title='bbox 169 1150 331 1222; x_wconf 49' lang='lat' dir='ltr'>ssffissffia</span> <span class='ocrx_word' id='word_1_156' title='bbox 376 1163 517 1205; x_wconf 81' lang='lat' dir='ltr'>venit:</span> <span class='ocrx_word' id='word_1_157' title='bbox 562 1163 691 1217; x_wconf 88' lang='lat' dir='ltr'>isque,</span> <span class='ocrx_word' id='word_1_158' title='bbox 724 1176 820 1202; x_wconf 89' lang='lat' dir='ltr'>cum</span> <span class='ocrx_word' id='word_1_159' title='bbox 856 1160 1021 1215; x_wconf 83' lang='lat' dir='ltr'>agmine</span> <span class='ocrx_word' id='word_1_160' title='bbox 1057 1158 1315 1213; x_wconf 84' lang='lat' dir='ltr'>captivorum</span> <span class='ocrx_word' id='word_1_161' title='bbox 1355 1157 1564 1211; x_wconf 82' lang='lat' dir='ltr'>ingressus</span> <span class='ocrx_word' id='word_1_162' title='bbox 1604 1155 1764 1202; x_wconf 88' lang='lat' dir='ltr'>urbem,</span> 
     </span>
     <span class='ocr_line' id='line_1_20' title="bbox 170 1211 1767 1275; baseline -0.009 -13"><span class='ocrx_word' id='word_1_163' title='bbox 170 1234 265 1264; x_wconf 78' lang='lat' dir='ltr'>venit.</span> <span class='ocrx_word' id='word_1_164' title='bbox 377 1235 575 1275; x_wconf 84' lang='lat' dir='ltr'>magnum</span> <span class='ocrx_word' id='word_1_165' title='bbox 596 1232 843 1259; x_wconf 90' lang='lat' dir='ltr'>concursum</span> <span class='ocrx_word' id='word_1_166' title='bbox 873 1216 1092 1256; x_wconf 88' lang='lat' dir='ltr'>hominum</span> <span class='ocrx_word' id='word_1_167' title='bbox 1112 1215 1221 1255; x_wconf 88' lang='lat' dir='ltr'>fecit.</span> <span class='ocrx_word' id='word_1_168' title='bbox 1284 1214 1457 1254; x_wconf 91' lang='lat' dir='ltr'>Postero</span> <span class='ocrx_word' id='word_1_169' title='bbox 1485 1211 1554 1251; x_wconf 90' lang='lat' dir='ltr'>die</span> <span class='ocrx_word' id='word_1_170' title='bbox 1584 1211 1627 1250; x_wconf 90' lang='lat' dir='ltr'>in</span> <span class='ocrx_word' id='word_1_171' title='bbox 1648 1225 1767 1250; x_wconf 89' lang='lat' dir='ltr'>sena-</span> 
     </span>
    </p>

    <p class='ocr_par' dir='ltr' id='par_1_6' title="bbox 378 1266 1801 1841">
     <span class='ocr_line' id='line_1_21' title="bbox 379 1266 1765 1329; baseline -0.009 -11"><span class='ocrx_word' id='word_1_172' title='bbox 379 1288 467 1318; x_wconf 90' lang='lat' dir='ltr'>tum</span> <span class='ocrx_word' id='word_1_173' title='bbox 499 1276 774 1323; x_wconf 81' lang='lat' dir='ltr'>introductus,</span> <span class='ocrx_word' id='word_1_174' title='bbox 811 1282 974 1329; x_wconf 88' lang='lat' dir='ltr'>captam</span> <span class='ocrx_word' id='word_1_175' title='bbox 1009 1271 1322 1326; x_wconf 81' lang='lat' dir='ltr'>Carthaginem,</span> <span class='ocrx_word' id='word_1_176' title='bbox 1359 1277 1485 1324; x_wconf 88' lang='lat' dir='ltr'>caput</span> <span class='ocrx_word' id='word_1_177' title='bbox 1521 1266 1765 1323; x_wconf 85' lang='lat' dir='ltr'>Hispaniae,</span> 
     </span>
     <span class='ocr_line' id='line_1_22' title="bbox 378 1325 1769 1387; baseline -0.009 -12"><span class='ocrx_word' id='word_1_178' title='bbox 378 1350 463 1375; x_wconf 89' lang='lat' dir='ltr'>uno</span> <span class='ocrx_word' id='word_1_179' title='bbox 493 1333 574 1382; x_wconf 89' lang='lat' dir='ltr'>die,</span> <span class='ocrx_word' id='word_1_180' title='bbox 604 1341 874 1387; x_wconf 87' lang='lat' dir='ltr'>receptasque</span> <span class='ocrx_word' id='word_1_181' title='bbox 906 1330 1063 1384; x_wconf 88' lang='lat' dir='ltr'>aliquot</span> <span class='ocrx_word' id='word_1_182' title='bbox 1096 1330 1231 1376; x_wconf 86' lang='lat' dir='ltr'>urbes,</span> <span class='ocrx_word' id='word_1_183' title='bbox 1262 1342 1368 1382; x_wconf 86' lang='lat' dir='ltr'>quae</span> <span class='ocrx_word' id='word_1_184' title='bbox 1400 1325 1662 1373; x_wconf 87' lang='lat' dir='ltr'>defecissent,</span> <span class='ocrx_word' id='word_1_185' title='bbox 1691 1338 1769 1363; x_wconf 86' lang='lat' dir='ltr'>no-</span> 
     </span>
     <span class='ocr_line' id='line_1_23' title="bbox 378 1381 1769 1445; baseline -0.009 -14"><span class='ocrx_word' id='word_1_186' title='bbox 378 1405 533 1445; x_wconf 85' lang='lat' dir='ltr'>vasque</span> <span class='ocrx_word' id='word_1_187' title='bbox 565 1390 608 1429; x_wconf 89' lang='lat' dir='ltr'>in</span> <span class='ocrx_word' id='word_1_188' title='bbox 637 1389 879 1430; x_wconf 85' lang='lat' dir='ltr'>societatem</span> <span class='ocrx_word' id='word_1_189' title='bbox 910 1388 1067 1435; x_wconf 81' lang='lat' dir='ltr'>ascitas,</span> <span class='ocrx_word' id='word_1_190' title='bbox 1097 1385 1301 1440; x_wconf 79' lang='lat' dir='ltr'>exposuit.</span> <span class='ocrx_word' id='word_1_191' title='bbox 1365 1382 1431 1423; x_wconf 84' lang='lat' dir='ltr'>Ex</span> <span class='ocrx_word' id='word_1_192' title='bbox 1460 1381 1631 1437; x_wconf 89' lang='lat' dir='ltr'>captivis</span> <span class='ocrx_word' id='word_1_193' title='bbox 1656 1394 1769 1420; x_wconf 90' lang='lat' dir='ltr'>com-</span> 
     </span>
     <span class='ocr_line' id='line_1_24' title="bbox 380 1435 1769 1503; baseline -0.009 -15"><span class='ocrx_word' id='word_1_194' title='bbox 380 1457 497 1503; x_wconf 89' lang='lat' dir='ltr'>perta</span> <span class='ocrx_word' id='word_1_195' title='bbox 518 1447 582 1486; x_wconf 91' lang='lat' dir='ltr'>his</span> <span class='ocrx_word' id='word_1_196' title='bbox 598 1447 682 1486; x_wconf 86' lang='lat' dir='ltr'>fere</span> <span class='ocrx_word' id='word_1_197' title='bbox 702 1444 987 1499; x_wconf 77' lang='lat' dir='ltr'>congruentia,</span> <span class='ocrx_word' id='word_1_198' title='bbox 1006 1458 1112 1498; x_wconf 90' lang='lat' dir='ltr'>quae</span> <span class='ocrx_word' id='word_1_199' title='bbox 1136 1443 1179 1481; x_wconf 89' lang='lat' dir='ltr'>in</span> <span class='ocrx_word' id='word_1_200' title='bbox 1200 1441 1329 1481; x_wconf 87' lang='lat' dir='ltr'>literis</span> <span class='ocrx_word' id='word_1_201' title='bbox 1345 1440 1510 1480; x_wconf 85' lang='lat' dir='ltr'>fuerant</span> <span class='ocrx_word' id='word_1_202' title='bbox 1532 1437 1593 1478; x_wconf 89' lang='lat' dir='ltr'><strong>M.</strong></span> <span class='ocrx_word' id='word_1_203' title='bbox 1614 1435 1769 1477; x_wconf 86' lang='lat' dir='ltr'>Valerii</span> 
     </span>
     <span class='ocr_line' id='line_1_25' title="bbox 383 1493 1769 1544; baseline -0.009 0"><span class='ocrx_word' id='word_1_204' title='bbox 383 1503 614 1544; x_wconf 86' lang='lat' dir='ltr'>Messallae.</span> <span class='ocrx_word' id='word_1_205' title='bbox 678 1502 867 1542; x_wconf 82' lang='lat' dir='ltr'>Maxime</span> <span class='ocrx_word' id='word_1_206' title='bbox 889 1500 1018 1541; x_wconf 87' lang='lat' dir='ltr'>movit</span> <span class='ocrx_word' id='word_1_207' title='bbox 1047 1499 1192 1539; x_wconf 87' lang='lat' dir='ltr'>Patres</span> <span class='ocrx_word' id='word_1_208' title='bbox 1216 1496 1488 1538; x_wconf 87' lang='lat' dir='ltr'>Hasdrubalis</span> <span class='ocrx_word' id='word_1_209' title='bbox 1510 1494 1704 1535; x_wconf 85' lang='lat' dir='ltr'>transitus</span> <span class='ocrx_word' id='word_1_210' title='bbox 1725 1493 1769 1532; x_wconf 88' lang='lat' dir='ltr'>in</span> 
     </span>
     <span class='ocr_line' id='line_1_26' title="bbox 381 1551 1801 1611; baseline -0.008 -11"><span class='ocrx_word' id='word_1_211' title='bbox 381 1560 557 1608; x_wconf 87' lang='lat' dir='ltr'>Italiam,</span> <span class='ocrx_word' id='word_1_212' title='bbox 600 1560 669 1599; x_wconf 85' lang='lat' dir='ltr'>vix</span> <span class='ocrx_word' id='word_1_213' title='bbox 719 1557 947 1598; x_wconf 87' lang='lat' dir='ltr'>Hannibali</span> <span class='ocrx_word' id='word_1_214' title='bbox 988 1566 1114 1611; x_wconf 87' lang='lat' dir='ltr'>atque</span> <span class='ocrx_word' id='word_1_215' title='bbox 1155 1555 1243 1595; x_wconf 89' lang='lat' dir='ltr'>eius</span> <span class='ocrx_word' id='word_1_216' title='bbox 1290 1553 1414 1594; x_wconf 79' lang='lat' dir='ltr'>armis</span> <span class='ocrx_word' id='word_1_217' title='bbox 1461 1551 1765 1593; x_wconf 87' lang='lat' dir='ltr'>subsistentem.</span> <span class='ocrx_word' id='word_1_218' title='bbox 1784 1564 1801 1594; x_wconf 88' lang='lat'>3</span> 
     </span>
     <span class='ocr_line' id='line_1_27' title="bbox 382 1605 1772 1657; baseline -0.008 0"><span class='ocrx_word' id='word_1_219' title='bbox 382 1616 618 1657; x_wconf 87' lang='lat' dir='ltr'>Productus</span> <span class='ocrx_word' id='word_1_220' title='bbox 640 1624 681 1655; x_wconf 88' lang='lat' dir='ltr'>ct</span> <span class='ocrx_word' id='word_1_221' title='bbox 702 1616 745 1654; x_wconf 93' lang='lat' dir='ltr'>in</span> <span class='ocrx_word' id='word_1_222' title='bbox 767 1614 1012 1655; x_wconf 89' lang='lat' dir='ltr'>concionem</span> <span class='ocrx_word' id='word_1_223' title='bbox 1042 1612 1211 1653; x_wconf 88' lang='lat' dir='ltr'>Laelius</span> <span class='ocrx_word' id='word_1_224' title='bbox 1232 1611 1380 1651; x_wconf 87' lang='lat' dir='ltr'>eadem</span> <span class='ocrx_word' id='word_1_225' title='bbox 1401 1608 1631 1650; x_wconf 87' lang='lat' dir='ltr'>edisseruit.</span> <span class='ocrx_word' id='word_1_226' title='bbox 1697 1605 1772 1646; x_wconf 86' lang='lat' dir='ltr'>Se-</span> 
     </span>
     <span class='ocr_line' id='line_1_28' title="bbox 383 1662 1771 1724; baseline -0.008 -11"><span class='ocrx_word' id='word_1_227' title='bbox 383 1682 505 1713; x_wconf 88' lang='lat' dir='ltr'>natus</span> <span class='ocrx_word' id='word_1_228' title='bbox 521 1673 573 1713; x_wconf 94' lang='lat' dir='ltr'>ob</span> <span class='ocrx_word' id='word_1_229' title='bbox 595 1687 659 1712; x_wconf 89' lang='lat' dir='ltr'>res</span> <span class='ocrx_word' id='word_1_230' title='bbox 679 1671 854 1712; x_wconf 82' lang='lat' dir='ltr'>feliciter</span> <span class='ocrx_word' id='word_1_231' title='bbox 875 1686 898 1710; x_wconf 92' lang='lat' dir='ltr'>a</span> <span class='ocrx_word' id='word_1_232' title='bbox 919 1670 965 1710; x_wconf 92' lang='lat' dir='ltr'>P.</span> <span class='ocrx_word' id='word_1_233' title='bbox 990 1669 1184 1724; x_wconf 88' lang='lat' dir='ltr'>Scipione</span> <span class='ocrx_word' id='word_1_234' title='bbox 1206 1676 1341 1723; x_wconf 80' lang='lat' dir='ltr'>gestas</span> <span class='ocrx_word' id='word_1_235' title='bbox 1358 1664 1707 1721; x_wconf 83' lang='lat' dir='ltr'>supplicationem</span> <span class='ocrx_word' id='word_1_236' title='bbox 1727 1662 1771 1702; x_wconf 89' lang='lat' dir='ltr'>in</span> 
     </span>
     <span class='ocr_line' id='line_1_29' title="bbox 386 1725 1771 1779; baseline -0.008 -9"><span class='ocrx_word' id='word_1_237' title='bbox 386 1744 518 1770; x_wconf 90' lang='lat' dir='ltr'>unum</span> <span class='ocrx_word' id='word_1_238' title='bbox 540 1729 652 1769; x_wconf 88' lang='lat' dir='ltr'>diem</span> <span class='ocrx_word' id='word_1_239' title='bbox 674 1727 869 1768; x_wconf 88' lang='lat' dir='ltr'>decrevit.</span> <span class='ocrx_word' id='word_1_240' title='bbox 935 1726 984 1766; x_wconf 88' lang='lat' dir='ltr'>C.</span> <span class='ocrx_word' id='word_1_241' title='bbox 1006 1725 1198 1765; x_wconf 90' lang='lat' dir='ltr'>Laelium</span> <span class='ocrx_word' id='word_1_242' title='bbox 1220 1725 1354 1779; x_wconf 87' lang='lat' dir='ltr'>primo</span> <span class='ocrx_word' id='word_1_243' title='bbox 1377 1737 1546 1778; x_wconf 86' lang='lat' dir='ltr'>quoquc</span> <span class='ocrx_word' id='word_1_244' title='bbox 1570 1730 1771 1774; x_wconf 87' lang='lat' dir='ltr'>tempore,</span> 
     </span>
     <span class='ocr_line' id='line_1_30' title="bbox 386 1777 1698 1841; baseline -0.008 -14"><span class='ocrx_word' id='word_1_245' title='bbox 386 1801 482 1827; x_wconf 88' lang='lat' dir='ltr'>cum</span> <span class='ocrx_word' id='word_1_246' title='bbox 504 1786 656 1841; x_wconf 86' lang='lat' dir='ltr'>quibus</span> <span class='ocrx_word' id='word_1_247' title='bbox 677 1792 847 1824; x_wconf 88' lang='lat' dir='ltr'>venerat</span> <span class='ocrx_word' id='word_1_248' title='bbox 867 1783 1054 1830; x_wconf 90' lang='lat' dir='ltr'>navibus,</span> <span class='ocrx_word' id='word_1_249' title='bbox 1077 1781 1211 1821; x_wconf 89' lang='lat' dir='ltr'>redire</span> <span class='ocrx_word' id='word_1_250' title='bbox 1234 1782 1278 1819; x_wconf 89' lang='lat' dir='ltr'>in</span> <span class='ocrx_word' id='word_1_251' title='bbox 1302 1779 1549 1834; x_wconf 84' lang='lat' dir='ltr'>Hispaniam</span> <span class='ocrx_word' id='word_1_252' title='bbox 1570 1777 1698 1817; x_wconf 88' lang='lat' dir='ltr'>iussit.</span> 
     </span>
    </p>

    <p class='ocr_par' dir='ltr' id='par_1_7' title="bbox 388 1831 1776 2124">
     <span class='ocr_line' id='line_1_31' title="bbox 448 1831 1772 1897; baseline -0.009 -14"><span class='ocrx_word' id='word_1_253' title='bbox 448 1842 714 1897; x_wconf 80' lang='lat' dir='ltr'>Carthaginis</span> <span class='ocrx_word' id='word_1_254' title='bbox 754 1839 1111 1895; x_wconf 78' lang='lat' dir='ltr'>expugnationem</span> <span class='ocrx_word' id='word_1_255' title='bbox 1157 1838 1201 1877; x_wconf 90' lang='lat' dir='ltr'>in</span> <span class='ocrx_word' id='word_1_256' title='bbox 1242 1837 1354 1876; x_wconf 90' lang='lat' dir='ltr'>hunc</span> <span class='ocrx_word' id='word_1_257' title='bbox 1403 1849 1560 1875; x_wconf 85' lang='lat' dir='ltr'>annum</span> <span class='ocrx_word' id='word_1_258' title='bbox 1600 1831 1772 1881; x_wconf 89' lang='lat' dir='ltr'>contuli,</span> 
     </span>
     <span class='ocr_line' id='line_1_32' title="bbox 388 1889 1774 1948; baseline -0.009 -8"><span class='ocrx_word' id='word_1_259' title='bbox 388 1899 529 1939; x_wconf 87' lang='lat' dir='ltr'>multis</span> <span class='ocrx_word' id='word_1_260' title='bbox 560 1898 822 1945; x_wconf 79' lang='lat' dir='ltr'>auctoribus3</span> <span class='ocrx_word' id='word_1_261' title='bbox 856 1896 969 1936; x_wconf 87' lang='lat' dir='ltr'>haud</span> <span class='ocrx_word' id='word_1_262' title='bbox 997 1894 1172 1943; x_wconf 89' lang='lat' dir='ltr'>nescius,</span> <span class='ocrx_word' id='word_1_263' title='bbox 1203 1892 1405 1948; x_wconf 89' lang='lat' dir='ltr'>quosdam</span> <span class='ocrx_word' id='word_1_264' title='bbox 1435 1906 1535 1939; x_wconf 84' lang='lat' dir='ltr'>esse,</span> <span class='ocrx_word' id='word_1_265' title='bbox 1563 1889 1635 1944; x_wconf 91' lang='lat' dir='ltr'>qui</span> <span class='ocrx_word' id='word_1_266' title='bbox 1664 1904 1774 1929; x_wconf 88' lang='lat' dir='ltr'>anno</span> 
     </span>
     <span class='ocr_line' id='line_1_33' title="bbox 388 1944 1774 2011; baseline -0.009 -14"><span class='ocrx_word' id='word_1_267' title='bbox 388 1956 627 2011; x_wconf 84' lang='lat' dir='ltr'>insequenti</span> <span class='ocrx_word' id='word_1_268' title='bbox 667 1962 829 2010; x_wconf 84' lang='lat' dir='ltr'>captam</span> <span class='ocrx_word' id='word_1_269' title='bbox 867 1951 1135 1993; x_wconf 87' lang='lat' dir='ltr'>tradiderint:</span> <span class='ocrx_word' id='word_1_270' title='bbox 1180 1950 1295 2004; x_wconf 86' lang='lat' dir='ltr'>quod</span> <span class='ocrx_word' id='word_1_271' title='bbox 1330 1948 1433 1988; x_wconf 81' lang='lat' dir='ltr'>mihi</span> <span class='ocrx_word' id='word_1_272' title='bbox 1469 1947 1606 1987; x_wconf 89' lang='lat' dir='ltr'>minus</span> <span class='ocrx_word' id='word_1_273' title='bbox 1641 1944 1774 1986; x_wconf 88' lang='lat' dir='ltr'>simile</span> 
     </span>
     <span class='ocr_line' id='line_1_34' title="bbox 389 2001 1776 2063; baseline -0.009 -10"><span class='ocrx_word' id='word_1_274' title='bbox 389 2013 476 2053; x_wconf 84' lang='lat' dir='ltr'>veri</span> <span class='ocrx_word' id='word_1_275' title='bbox 497 2013 630 2052; x_wconf 85' lang='lat' dir='ltr'>visum</span> <span class='ocrx_word' id='word_1_276' title='bbox 659 2020 732 2059; x_wconf 87' lang='lat' dir='ltr'>est,</span> <span class='ocrx_word' id='word_1_277' title='bbox 755 2025 912 2051; x_wconf 87' lang='lat' dir='ltr'>annum</span> <span class='ocrx_word' id='word_1_278' title='bbox 943 2009 1153 2063; x_wconf 80' lang='lat' dir='ltr'>integrum</span> <span class='ocrx_word' id='word_1_279' title='bbox 1188 2006 1428 2061; x_wconf 82' lang='lat' dir='ltr'>Scipionem</span> <span class='ocrx_word' id='word_1_280' title='bbox 1453 2003 1559 2044; x_wconf 91' lang='lat' dir='ltr'>nihil</span> <span class='ocrx_word' id='word_1_281' title='bbox 1586 2001 1776 2058; x_wconf 83' lang='lat' dir='ltr'>gerundo</span> 
     </span>
     <span class='ocr_line' id='line_1_35' title="bbox 390 2066 998 2124; baseline -0.008 -14"><span class='ocrx_word' id='word_1_282' title='bbox 390 2070 435 2110; x_wconf 91' lang='lat' dir='ltr'>in</span> <span class='ocrx_word' id='word_1_283' title='bbox 458 2069 664 2124; x_wconf 85' lang='lat' dir='ltr'>Hispania</span> <span class='ocrx_word' id='word_1_284' title='bbox 685 2066 998 2121; x_wconf 84' lang='lat' dir='ltr'>consumpsisse.</span> 
     </span>
    </p>

    <p class='ocr_par' dir='ltr' id='par_1_8' title="bbox 184 2117 1778 2183">
     <span class='ocr_line' id='line_1_36' title="bbox 184 2117 1778 2178; baseline -0.008 -10"><span class='ocrx_word' id='word_1_285' title='bbox 184 2129 228 2159; x_wconf 82' lang='lat' dir='ltr'><strong>U.</strong></span> <span class='ocrx_word' id='word_1_286' title='bbox 245 2128 283 2159; x_wconf 78' lang='lat' dir='ltr'>C</span> <span class='ocrx_word' id='word_1_287' title='bbox 306 2137 377 2167; x_wconf 76' lang='lat'>543·</span> <span class='ocrx_word' id='word_1_288' title='bbox 453 2127 505 2174; x_wconf 75' lang='lat' dir='ltr'>Q.</span> <span class='ocrx_word' id='word_1_289' title='bbox 530 2126 658 2166; x_wconf 86' lang='lat' dir='ltr'>Fabio</span> <span class='ocrx_word' id='word_1_290' title='bbox 689 2124 879 2164; x_wconf 79' lang='lat' dir='ltr'>Maximo</span> <span class='ocrx_word' id='word_1_291' title='bbox 908 2123 1116 2178; x_wconf 87' lang='lat' dir='ltr'>quintum,</span> <span class='ocrx_word' id='word_1_292' title='bbox 1147 2120 1199 2167; x_wconf 82' lang='lat' dir='ltr'>Q.</span> <span class='ocrx_word' id='word_1_293' title='bbox 1224 2119 1370 2160; x_wconf 90' lang='lat' dir='ltr'>Fulvio</span> <span class='ocrx_word' id='word_1_294' title='bbox 1402 2117 1551 2158; x_wconf 86' lang='lat' dir='ltr'>Flacco</span> <span class='ocrx_word' id='word_1_295' title='bbox 1582 2123 1778 2171; x_wconf 90' lang='lat' dir='ltr'>quartum</span> 
     </span>
    </p>

    <p class='ocr_par' dir='ltr' id='par_1_9' title="bbox 184 2172 1776 2232">
     <span class='ocr_line' id='line_1_37' title="bbox 184 2172 1776 2232; baseline -0.009 -6"><span class='ocrx_word' id='word_1_296' title='bbox 184 2173 224 2202; x_wconf 82' lang='lat' dir='ltr'>A.</span> <span class='ocrx_word' id='word_1_297' title='bbox 248 2172 285 2201; x_wconf 53' lang='lat'>⁰·</span> <span class='ocrx_word' id='word_1_298' title='bbox 309 2180 378 2211; x_wconf 79' lang='lat'><strong>²⁰9·</strong></span> <span class='ocrx_word' id='word_1_299' title='bbox 392 2183 644 2231; x_wconf 85' lang='lat' dir='ltr'>consulibus,</span> <span class='ocrx_word' id='word_1_300' title='bbox 674 2181 818 2221; x_wconf 86' lang='lat' dir='ltr'>Idibus</span> <span class='ocrx_word' id='word_1_301' title='bbox 847 2179 1025 2227; x_wconf 87' lang='lat' dir='ltr'>Martiis,</span> <span class='ocrx_word' id='word_1_302' title='bbox 1053 2193 1136 2232; x_wconf 90' lang='lat' dir='ltr'>quo</span> <span class='ocrx_word' id='word_1_303' title='bbox 1167 2177 1235 2217; x_wconf 90' lang='lat' dir='ltr'>die</span> <span class='ocrx_word' id='word_1_304' title='bbox 1268 2175 1551 2230; x_wconf 76' lang='lat' dir='ltr'>magistratum</span> <span class='ocrx_word' id='word_1_305' title='bbox 1580 2172 1776 2222; x_wconf 87' lang='lat' dir='ltr'>inierunt,</span> 
     </span>
    </p>
   </div>
   <div class='ocr_carea' id='block_1_3' title="bbox 394 2320 1782 2789">
    <p class='ocr_par' dir='ltr' id='par_1_10' title="bbox 394 2320 1778 2364">
     <span class='ocr_line' id='line_1_38' title="bbox 394 2320 1778 2364; baseline -0.009 -1"><span class='ocrx_word' id='word_1_306' title='bbox 394 2344 468 2364; x_wconf 90' lang='lat' dir='ltr'>eum</span> <span class='ocrx_word' id='word_1_307' title='bbox 484 2331 700 2362; x_wconf 83' lang='lat' dir='ltr'>decemvirum</span> <span class='ocrx_word' id='word_1_308' title='bbox 726 2339 885 2359; x_wconf 83' lang='lat' dir='ltr'>sacrorum</span> <span class='ocrx_word' id='word_1_309' title='bbox 908 2327 1014 2363; x_wconf 83' lang='lat' dir='ltr'>fuisse,</span> <span class='ocrx_word' id='word_1_310' title='bbox 1033 2330 1065 2356; x_wconf 90' lang='lat' dir='ltr'>et</span> <span class='ocrx_word' id='word_1_311' title='bbox 1155 2335 1166 2355; x_wconf 94' lang='lat'>1</span> <span class='ocrx_word' id='word_1_312' title='bbox 1193 2326 1284 2355; x_wconf 84' lang='lat' dir='ltr'>Diem</span> <span class='ocrx_word' id='word_1_313' title='bbox 1310 2334 1409 2353; x_wconf 59' lang='lat' dir='ltr'>umam</span> <span class='ocrx_word' id='word_1_314' title='bbox 1430 2322 1677 2359; x_wconf 76' lang='lat' dir='ltr'>instaurarunt]</span> <span class='ocrx_word' id='word_1_315' title='bbox 1703 2320 1734 2351; x_wconf 90' lang='lat' dir='ltr'><strong>h.</strong></span> <span class='ocrx_word' id='word_1_316' title='bbox 1751 2331 1778 2351; x_wconf 89' lang='lat' dir='ltr'>e.</span> 
     </span>
    </p>

    <p class='ocr_par' dir='ltr' id='par_1_11' title="bbox 395 2363 1777 2414">
     <span class='ocr_line' id='line_1_39' title="bbox 395 2363 1777 2414; baseline -0.009 -9"><span class='ocrx_word' id='word_1_317' title='bbox 395 2376 465 2414; x_wconf 73' lang='lat' dir='ltr'>quis</span> <span class='ocrx_word' id='word_1_318' title='bbox 480 2375 527 2404; x_wconf 89' lang='lat' dir='ltr'>illi</span> <span class='ocrx_word' id='word_1_319' title='bbox 548 2374 580 2403; x_wconf 84' lang='lat' dir='ltr'>in</span> <span class='ocrx_word' id='word_1_320' title='bbox 600 2374 660 2403; x_wconf 80' lang='lat' dir='ltr'>hoc</span> <span class='ocrx_word' id='word_1_321' title='bbox 676 2371 852 2402; x_wconf 85' lang='lat' dir='ltr'>sacerdotio</span> <span class='ocrx_word' id='word_1_322' title='bbox 869 2368 1065 2405; x_wconf 83' lang='lat' dir='ltr'>successerit,</span> <span class='ocrx_word' id='word_1_323' title='bbox 1111 2367 1208 2397; x_wconf 89' lang='lat' dir='ltr'>Diem</span> <span class='ocrx_word' id='word_1_324' title='bbox 1235 2376 1335 2396; x_wconf 89' lang='lat' dir='ltr'>unum</span> <span class='ocrx_word' id='word_1_325' title='bbox 1362 2366 1402 2395; x_wconf 87' lang='lat' dir='ltr'>ad</span> <span class='ocrx_word' id='word_1_326' title='bbox 1426 2365 1631 2403; x_wconf 85' lang='lat' dir='ltr'>quatriduum</span> <span class='ocrx_word' id='word_1_327' title='bbox 1656 2363 1777 2393; x_wconf 86' lang='lat' dir='ltr'>adiece-</span> 
     </span>
    </p>

    <p class='ocr_par' dir='ltr' id='par_1_12' title="bbox 396 2404 1779 2453">
     <span class='ocr_line' id='line_1_40' title="bbox 396 2404 1779 2453; baseline -0.009 -6"><span class='ocrx_word' id='word_1_328' title='bbox 396 2420 564 2453; x_wconf 80' lang='lat' dir='ltr'>memorat,</span> <span class='ocrx_word' id='word_1_329' title='bbox 580 2420 612 2446; x_wconf 84' lang='lat' dir='ltr'>at</span> <span class='ocrx_word' id='word_1_330' title='bbox 628 2413 800 2453; x_wconf 71' lang='lat' dir='ltr'>auguratus</span> <span class='ocrx_word' id='word_1_331' title='bbox 820 2423 883 2442; x_wconf 84' lang='grc'><strong>11011</strong></span> <span class='ocrx_word' id='word_1_332' title='bbox 899 2410 1066 2446; x_wconf 82' lang='lat' dir='ltr'>meminit3</span> <span class='ocrx_word' id='word_1_333' title='bbox 1110 2414 1192 2439; x_wconf 84' lang='lat' dir='ltr'>runt.</span> <span class='ocrx_word' id='word_1_334' title='bbox 1221 2409 1259 2438; x_wconf 86' lang='lat' dir='ltr'>cf.</span> <span class='ocrx_word' id='word_1_335' title='bbox 1277 2418 1362 2447; x_wconf 88' lang='lat' dir='ltr'>supr.</span> <span class='ocrx_word' id='word_1_336' title='bbox 1383 2418 1457 2437; x_wconf 81' lang='lat' dir='ltr'><strong>xxv.</strong></span> <span class='ocrx_word' id='word_1_337' title='bbox 1480 2417 1508 2437; x_wconf 66' lang='grc' dir='ltr'>τι.</span> <span class='ocrx_word' id='word_1_338' title='bbox 1533 2406 1668 2436; x_wconf 88' lang='lat' dir='ltr'>Niebhr.</span> <span class='ocrx_word' id='word_1_339' title='bbox 1691 2404 1724 2435; x_wconf 87' lang='lat' dir='ltr'>ii.</span> <span class='ocrx_word' id='word_1_340' title='bbox 1747 2415 1779 2435; x_wconf 89' lang='lat' dir='ltr'>n.</span> 
     </span>
    </p>

    <p class='ocr_par' dir='ltr' id='par_1_13' title="bbox 397 2451 1161 2491">
     <span class='ocr_line' id='line_1_41' title="bbox 397 2451 1161 2491; baseline -0.01 -2"><span class='ocrx_word' id='word_1_341' title='bbox 397 2461 450 2489; x_wconf 80' lang='lat' dir='ltr'>sed</span> <span class='ocrx_word' id='word_1_342' title='bbox 484 2459 624 2489; x_wconf 81' lang='lat' dir='ltr'>Gronov.</span> <span class='ocrx_word' id='word_1_343' title='bbox 659 2457 722 2486; x_wconf 86' lang='lat' dir='ltr'>fide</span> <span class='ocrx_word' id='word_1_344' title='bbox 754 2465 821 2486; x_wconf 76' lang='lat' dir='ltr'>iuss,</span> <span class='ocrx_word' id='word_1_345' title='bbox 854 2455 953 2491; x_wconf 85' lang='lat' dir='ltr'>uisus,</span> <span class='ocrx_word' id='word_1_346' title='bbox 987 2453 1066 2482; x_wconf 86' lang='lat' dir='ltr'>haec</span> <span class='ocrx_word' id='word_1_347' title='bbox 1111 2451 1161 2482; x_wconf 78' lang='lat'><strong>68.</strong></span> 
     </span>
    </p>

    <p class='ocr_par' dir='ltr' id='par_1_14' title="bbox 397 2487 1780 2531">
     <span class='ocr_line' id='line_1_42' title="bbox 397 2487 1780 2531; baseline -0.01 0"><span class='ocrx_word' id='word_1_348' title='bbox 397 2502 483 2531; x_wconf 88' lang='lat' dir='ltr'>haud</span> <span class='ocrx_word' id='word_1_349' title='bbox 501 2500 596 2530; x_wconf 88' lang='lat' dir='ltr'>dubie</span> <span class='ocrx_word' id='word_1_350' title='bbox 614 2499 698 2529; x_wconf 85' lang='lat' dir='ltr'>Livii</span> <span class='ocrx_word' id='word_1_351' title='bbox 714 2498 809 2528; x_wconf 76' lang='lat' dir='ltr'>verba</span> <span class='ocrx_word' id='word_1_352' title='bbox 831 2496 927 2526; x_wconf 85' lang='lat' dir='ltr'>fuisse</span> <span class='ocrx_word' id='word_1_353' title='bbox 949 2498 1068 2531; x_wconf 81' lang='lat' dir='ltr'>censet,</span> <span class='ocrx_word' id='word_1_354' title='bbox 1156 2503 1171 2523; x_wconf 77' lang='lat'><strong>2</strong></span> <span class='ocrx_word' id='word_1_355' title='bbox 1196 2493 1318 2529; x_wconf 71' lang='lat' dir='ltr'>Ludos]</span> <span class='ocrx_word' id='word_1_356' title='bbox 1350 2502 1392 2521; x_wconf 88' lang='lat' dir='ltr'>sc.</span> <span class='ocrx_word' id='word_1_357' title='bbox 1409 2490 1568 2527; x_wconf 85' lang='lat' dir='ltr'>Plebeios,</span> <span class='ocrx_word' id='word_1_358' title='bbox 1587 2488 1707 2524; x_wconf 79' lang='lat' dir='ltr'>Cereri,</span> <span class='ocrx_word' id='word_1_359' title='bbox 1728 2487 1780 2518; x_wconf 90' lang='lat' dir='ltr'>Li-</span> 
     </span>
    </p>

    <p class='ocr_par' dir='ltr' id='par_1_15' title="bbox 398 2529 1780 2582">
     <span class='ocr_line' id='line_1_43' title="bbox 398 2529 1780 2582; baseline -0.009 -9"><span class='ocrx_word' id='word_1_360' title='bbox 398 2548 429 2573; x_wconf 51' lang='lat' dir='ltr'>et¹</span> <span class='ocrx_word' id='word_1_361' title='bbox 452 2543 538 2582; x_wconf 84' lang='lat' dir='ltr'>apud</span> <span class='ocrx_word' id='word_1_362' title='bbox 556 2543 722 2572; x_wconf 82' lang='lat' dir='ltr'>Romanos</span> <span class='ocrx_word' id='word_1_363' title='bbox 737 2538 912 2570; x_wconf 75' lang='lat' dir='ltr'>sacerdotia</span> <span class='ocrx_word' id='word_1_364' title='bbox 928 2539 1021 2576; x_wconf 85' lang='lat' dir='ltr'>plura</span> <span class='ocrx_word' id='word_1_365' title='bbox 1036 2537 1068 2566; x_wconf 87' lang='lat' dir='ltr'>iu</span> <span class='ocrx_word' id='word_1_366' title='bbox 1112 2537 1187 2565; x_wconf 83' lang='lat' dir='ltr'>hero</span> <span class='ocrx_word' id='word_1_367' title='bbox 1215 2534 1412 2572; x_wconf 84' lang='lat' dir='ltr'>Liberaeque</span> <span class='ocrx_word' id='word_1_368' title='bbox 1441 2533 1551 2562; x_wconf 83' lang='lat' dir='ltr'>factos.</span> <span class='ocrx_word' id='word_1_369' title='bbox 1589 2531 1628 2561; x_wconf 87' lang='lat' dir='ltr'>cf.</span> <span class='ocrx_word' id='word_1_370' title='bbox 1653 2530 1721 2562; x_wconf 85' lang='lat' dir='ltr'>Cic.</span> <span class='ocrx_word' id='word_1_371' title='bbox 1747 2529 1780 2559; x_wconf 88' lang='lat' dir='ltr'>in</span> 
     </span>
    </p>

    <p class='ocr_par' dir='ltr' id='par_1_16' title="bbox 399 2578 1320 2624">
     <span class='ocr_line' id='line_1_44' title="bbox 399 2578 1320 2624; baseline -0.011 -9"><span class='ocrx_word' id='word_1_372' title='bbox 399 2586 538 2624; x_wconf 81' lang='lat' dir='ltr'>singulos</span> <span class='ocrx_word' id='word_1_373' title='bbox 560 2585 647 2614; x_wconf 87' lang='lat' dir='ltr'>haud</span> <span class='ocrx_word' id='word_1_374' title='bbox 670 2593 739 2613; x_wconf 84' lang='lat' dir='ltr'>raro</span> <span class='ocrx_word' id='word_1_375' title='bbox 763 2581 882 2612; x_wconf 81' lang='lat' dir='ltr'>collata</span> <span class='ocrx_word' id='word_1_376' title='bbox 904 2580 1000 2610; x_wconf 87' lang='lat' dir='ltr'>fuisse</span> <span class='ocrx_word' id='word_1_377' title='bbox 1017 2589 1068 2608; x_wconf 71' lang='lat' dir='ltr'>va·</span> <span class='ocrx_word' id='word_1_378' title='bbox 1115 2578 1206 2607; x_wconf 85' lang='lat' dir='ltr'>Verr.</span> <span class='ocrx_word' id='word_1_379' title='bbox 1224 2587 1252 2605; x_wconf 82' lang='lat' dir='ltr'>v.</span> <span class='ocrx_word' id='word_1_380' title='bbox 1273 2586 1320 2612; x_wconf 77' lang='lat'><strong>14.</strong></span> 
     </span>
    </p>

    <p class='ocr_par' dir='ltr' id='par_1_17' title="bbox 400 2613 1782 2748">
     <span class='ocr_line' id='line_1_45' title="bbox 400 2613 1778 2665; baseline -0.01 -8"><span class='ocrx_word' id='word_1_381' title='bbox 400 2627 453 2657; x_wconf 82' lang='lat' dir='ltr'>riis</span> <span class='ocrx_word' id='word_1_382' title='bbox 468 2626 626 2665; x_wconf 84' lang='lat' dir='ltr'>exemplis</span> <span class='ocrx_word' id='word_1_383' title='bbox 642 2625 818 2655; x_wconf 86' lang='lat' dir='ltr'>confirmat.</span> <span class='ocrx_word' id='word_1_384' title='bbox 1158 2629 1174 2658; x_wconf 85' lang='lat'>3</span> <span class='ocrx_word' id='word_1_385' title='bbox 1207 2620 1266 2648; x_wconf 61' lang='lat' dir='ltr'>1⁷17oe</span> <span class='ocrx_word' id='word_1_386' title='bbox 1280 2617 1463 2647; x_wconf 78' lang='lat' dir='ltr'>Hannibali</span> <span class='ocrx_word' id='word_1_387' title='bbox 1480 2639 1487 2647; x_wconf 96' lang='lat'>.</span> <span class='ocrx_word' id='word_1_388' title='bbox 1501 2639 1508 2646; x_wconf 93' lang='lat'>.</span> <span class='ocrx_word' id='word_1_389' title='bbox 1521 2638 1528 2645; x_wconf 88' lang='lat'>.</span> <span class='ocrx_word' id='word_1_390' title='bbox 1544 2613 1778 2650; x_wconf 77' lang='lat' dir='ltr'>subsistentem]</span> 
     </span>
     <span class='ocr_line' id='line_1_46' title="bbox 444 2655 1780 2703; baseline -0.01 -5"><span class='ocrx_word' id='word_1_391' title='bbox 444 2670 462 2697; x_wconf 84' lang='grc'>8</span> <span class='ocrx_word' id='word_1_392' title='bbox 485 2670 653 2698; x_wconf 62' lang='lat' dir='ltr'>suavimus</span> <span class='ocrx_word' id='word_1_393' title='bbox 670 2668 775 2703; x_wconf 77' lang='lat' dir='ltr'>curio]</span> <span class='ocrx_word' id='word_1_394' title='bbox 802 2665 840 2695; x_wconf 89' lang='lat' dir='ltr'>cf.</span> <span class='ocrx_word' id='word_1_395' title='bbox 855 2664 948 2703; x_wconf 88' lang='lat' dir='ltr'>Supr.</span> <span class='ocrx_word' id='word_1_396' title='bbox 965 2662 1009 2692; x_wconf 86' lang='lat' dir='ltr'>iii.</span> <span class='ocrx_word' id='word_1_397' title='bbox 1029 2669 1055 2701; x_wconf 83' lang='lat'>7.</span> <span class='ocrx_word' id='word_1_398' title='bbox 1116 2661 1156 2691; x_wconf 92' lang='lat' dir='ltr'>Id</span> <span class='ocrx_word' id='word_1_399' title='bbox 1187 2664 1245 2693; x_wconf 78' lang='lat' dir='ltr'>est,</span> <span class='ocrx_word' id='word_1_400' title='bbox 1270 2660 1321 2689; x_wconf 87' lang='lat' dir='ltr'>vix</span> <span class='ocrx_word' id='word_1_401' title='bbox 1353 2668 1481 2698; x_wconf 86' lang='lat' dir='ltr'>parem:</span> <span class='ocrx_word' id='word_1_402' title='bbox 1510 2655 1780 2696; x_wconf 87' lang='lat' dir='ltr'>quemadmodum</span> 
     </span>
     <span class='ocr_line' id='line_1_47' title="bbox 444 2698 1782 2748; baseline -0.01 -9"><span class='ocrx_word' id='word_1_403' title='bbox 444 2720 463 2748; x_wconf 86' lang='lat'>9</span> <span class='ocrx_word' id='word_1_404' title='bbox 485 2712 564 2740; x_wconf 82' lang='lat' dir='ltr'>Inde</span> <span class='ocrx_word' id='word_1_405' title='bbox 580 2714 609 2740; x_wconf 79' lang='lat' dir='ltr'>et</span> <span class='ocrx_word' id='word_1_406' title='bbox 624 2710 770 2739; x_wconf 63' lang='lat' dir='ltr'>Licinius</span> <span class='ocrx_word' id='word_1_407' title='bbox 785 2717 921 2737; x_wconf 78' lang='lat' dir='ltr'>censura</span> <span class='ocrx_word' id='word_1_408' title='bbox 936 2716 968 2736; x_wconf 81' lang='lat' dir='ltr'>se</span> <span class='ocrx_word' id='word_1_409' title='bbox 984 2705 1069 2734; x_wconf 74' lang='lat' dir='ltr'>abdi·</span> <span class='ocrx_word' id='word_1_410' title='bbox 1114 2703 1202 2741; x_wconf 86' lang='lat' dir='ltr'>apud</span> <span class='ocrx_word' id='word_1_411' title='bbox 1218 2702 1286 2733; x_wconf 87' lang='lat' dir='ltr'>Cic.</span> <span class='ocrx_word' id='word_1_412' title='bbox 1299 2701 1341 2731; x_wconf 85' lang='lat' dir='ltr'>ad</span> <span class='ocrx_word' id='word_1_413' title='bbox 1355 2701 1478 2730; x_wconf 81' lang='lat' dir='ltr'>Divcrs.</span> <span class='ocrx_word' id='word_1_414' title='bbox 1492 2699 1535 2730; x_wconf 86' lang='lat' dir='ltr'>xi.</span> <span class='ocrx_word' id='word_1_415' title='bbox 1553 2708 1599 2728; x_wconf 92' lang='lat'>10.</span> <span class='ocrx_word' id='word_1_416' title='bbox 1614 2698 1782 2728; x_wconf 75' lang='lat' dir='ltr'>subsistere</span> 
     </span>
    </p>

    <p class='ocr_par' dir='ltr' id='par_1_18' title="bbox 403 2740 1781 2789">
     <span class='ocr_line' id='line_1_48' title="bbox 403 2740 1781 2789; baseline -0.011 -8"><span class='ocrx_word' id='word_1_417' title='bbox 403 2752 503 2787; x_wconf 71' lang='lat' dir='ltr'>cauit]</span> <span class='ocrx_word' id='word_1_418' title='bbox 552 2751 640 2785; x_wconf 73' lang='lat' dir='ltr'>Quia</span> <span class='ocrx_word' id='word_1_419' title='bbox 669 2749 813 2789; x_wconf 81' lang='lat' dir='ltr'>religioni</span> <span class='ocrx_word' id='word_1_420' title='bbox 844 2751 926 2778; x_wconf 83' lang='lat' dir='ltr'>esset</span> <span class='ocrx_word' id='word_1_421' title='bbox 956 2747 988 2776; x_wconf 87' lang='lat' dir='ltr'>in</span> <span class='ocrx_word' id='word_1_422' title='bbox 1019 2747 1070 2776; x_wconf 85' lang='lat' dir='ltr'>de-</span> <span class='ocrx_word' id='word_1_423' title='bbox 1114 2745 1268 2783; x_wconf 72' lang='lat' dir='ltr'>sumptui,</span> <span class='ocrx_word' id='word_1_424' title='bbox 1291 2743 1376 2782; x_wconf 91' lang='lat' dir='ltr'>quod</span> <span class='ocrx_word' id='word_1_425' title='bbox 1399 2752 1438 2772; x_wconf 90' lang='lat' dir='ltr'>ex</span> <span class='ocrx_word' id='word_1_426' title='bbox 1462 2740 1591 2781; x_wconf 83' lang='lat' dir='ltr'>optimis</span> <span class='ocrx_word' id='word_1_427' title='bbox 1606 2748 1672 2769; x_wconf 76' lang='lat' dir='ltr'>mss.</span> <span class='ocrx_word' id='word_1_428' title='bbox 1692 2747 1781 2775; x_wconf 72' lang='lat' dir='ltr'>repo-</span> 
     </span>
    </p>
   </div>
   <div class='ocr_carea' id='block_1_4' title="bbox 405 2779 1769 2871">
    <p class='ocr_par' dir='ltr' id='par_1_19' title="bbox 405 2779 1769 2871">
     <span class='ocr_line' id='line_1_49' title="bbox 405 2779 1769 2822; baseline -0.009 -2"><span class='ocrx_word' id='word_1_429' title='bbox 405 2792 520 2820; x_wconf 83' lang='lat' dir='ltr'>mortui</span> <span class='ocrx_word' id='word_1_430' title='bbox 548 2793 653 2822; x_wconf 88' lang='lat' dir='ltr'>locum</span> <span class='ocrx_word' id='word_1_431' title='bbox 680 2800 843 2821; x_wconf 88' lang='lat' dir='ltr'>censorem</span> <span class='ocrx_word' id='word_1_432' title='bbox 880 2789 992 2819; x_wconf 82' lang='lat' dir='ltr'>suffici.</span> <span class='ocrx_word' id='word_1_433' title='bbox 1032 2788 1071 2818; x_wconf 84' lang='lat' dir='ltr'>cf.</span> <span class='ocrx_word' id='word_1_434' title='bbox 1116 2792 1248 2816; x_wconf 82' lang='lat' dir='ltr'>suerunt</span> <span class='ocrx_word' id='word_1_435' title='bbox 1265 2784 1426 2815; x_wconf 88' lang='lat' dir='ltr'>Victorius</span> <span class='ocrx_word' id='word_1_436' title='bbox 1442 2787 1473 2813; x_wconf 87' lang='lat' dir='ltr'>et</span> <span class='ocrx_word' id='word_1_437' title='bbox 1490 2781 1688 2813; x_wconf 87' lang='lat' dir='ltr'>Gebhardus.</span> <span class='ocrx_word' id='word_1_438' title='bbox 1709 2779 1769 2809; x_wconf 76' lang='lat' dir='ltr'><strong>CR.</strong></span> 
     </span>
     <span class='ocr_line' id='line_1_50' title="bbox 405 2842 599 2871; baseline 0.005 -9"><span class='ocrx_word' id='word_1_439' title='bbox 405 2842 488 2871; x_wconf 82' lang='lat' dir='ltr'>supr.</span> <span class='ocrx_word' id='word_1_440' title='bbox 506 2844 532 2862; x_wconf 89' lang='lat' dir='ltr'>V.</span> <span class='ocrx_word' id='word_1_441' title='bbox 550 2842 599 2870; x_wconf 81' lang='lat'><strong>31.</strong></span> 
     </span>
    </p>
   </div>
  </div>
 </body>
</html>
