1877 3178
346 105 429 144 206.
858 104 1004 145 TITI
1042 104 1079 144 Ι
1090 103 1218 145 [Vll

139 200 183 231 U.
201 200 238 231 C.
262 202 332 239 538·
347 194 506 234 occasio
519 194 615 235 data
635 204 719 243 est3
752 204 794 235 et
814 195 870 243 hi,
886 195 1020 236 sentin
1025 209 1089 234 am
1112 193 1321 249 quandam
1335 193 1446 233 urbis
1467 195 1541 234 rati
1563 194 1718 234 exhau-

137 243 175 273 A.
200 243 237 274 C.
263 253 332 282 2¹4-
346 259 463 300 stam,
481 251 572 292 laet
565 227 749 293 abaritiir.
814 252 1015 293 Ceterum
1032 251 1106 291 lev
1099 259 1272 291 iverunt
1292 250 1442 290 modo
1432 266 1475 290 1n
1489 252 1720 306 praesentia

346 307 460 348 velut
481 324 628 364 corpus
656 324 838 365 aegrum,
861 325 945 364 quo
970 324 1068 349 mox
1088 308 1132 348 in
1156 323 1216 363 gl
1205 322 1383 348 ‘wlorem
1406 309 1592 348 morbum
1616 309 1719 349 reci-

140 377 319 416 Hippoch
346 365 473 406 deret.
542 366 820 422 Hippociates
859 366 970 406 enim
1011 365 1188 405 finitima
1225 364 1460 420 provinciae
1503 365 1717 406 Romanae

137 423 184 478 ‘8⁴3⁵'
201 420 323 474 provin
345 422 478 477 primo
505 423 666 464 furtivis
693 423 1005 464 excursionibus
1027 431 1181 462 vastale
1208 422 1367 477 coepit·
1401 421 1566 471 deinde,
1589 438 1716 477 quum

137 463 332 534 ffi‘ssghilth'm'
345 479 397 519 ad
429 480 605 520 tuendos
635 481 838 521 sociorum
869 495 987 535 agios
1014 480 1183 519 missum
1214 480 1264 519 ab
1296 479 1435 534 Appio
1467 479 1718 534 praesidium

345 545 463 585 esset,
481 538 672 578 omnibus
693 538 820 604 copiis
841 538 1045 592 impetum
1066 537 1109 576 in
1131 536 1360 592 oppositam
1382 537 1601 576 stationem
1623 552 1717 577 cum

345 593 471 634 caede
500 594 722 635 multorum
744 595 851 635 tecit.
917 594 1036 642 Quae
1059 609 1189 649 quum
1220 602 1357 634 essent
1384 593 1574 634 nuntiata
1604 593 1719 634 Mar-

345 650 462 700 cello,
494 651 649 707 legatos
681 651 891 707 extemplo
927 651 1148 707 Syracusas
1187 650 1310 699 misit,
1343 650 1415 705 qui
1444 651 1557 705 pacis
1591 651 1717 691 fidem

344 716 506 772 ruptam
529 723 614 749 0550
633 709 842 750 dicerent:
876 724 953 749 nee
974 708 1071 749 belli
1088 682 1321 748 defuturam
1338 723 1529 772 unquam
1540 722 1716 756 causam,

344 765 422 806 nisi
455 765 732 821 Hippocrates
762 775 885 821 atque
919 765 1127 821 Epicydes
1158 780 1242 805 non
1263 766 1313 805 ab
1343 764 1553 820 Syracusis
1580 765 1716 811 modo,

139 826 301 873 Epicydes
344 822 416 862 sed
452 830 538 863 tota
571 823 714 878 procul
753 822 904 871 Sicilia,
941 822 1069 877 ableg
1063 830 1239 862 (·110111111.
1303 821 1525 877 Epicydes,
1558 837 1611 862 ne
1647 832 1718 862 aut

137 872 310 940 {fflfl'ffinff
345 893 439 919 rcus
459 880 642 920 criminis
663 880 841 921 absentis
861 880 995 920 fratris
1015 895 1207 935 praesens
1229 888 1347 927 esset,
1370 888 1440 919 aut
1462 879 1622 920 deesset
1643 895 1718 934 pro

136 931 311 991 proficiscis
345 945 460 990 parte
482 952 555 977 sua
578 937 826 978 concitando
854 937 974 985 bello,
996 936 1202 992 profectus
1230 944 1271 976 et
1292 936 1378 991 ipsc
1410 937 1452 975 in
1475 936 1716 985 Leontinos,

137 999 197 1025 tur.
345 993 443 1047 quia
463 994 558 1034 satis
586 1009 654 1034 eos
675 994 868 1034 adversus
889 994 1088 1049 populum
1118 994 1355 1033 Romanum
1384 994 1609 1033 concitatos
1630 1009 1718 1034 cer-

344 1050 480 1099 nebat,
508 1059 690 1091 avertere
721 1051 845 1091 etiam
871 1052 922 1090 ab
950 1050 1160 1106 Syracusis
1188 1050 1334 1105 coepit.
1399 1050 1535 1090 ‘Nam
1561 1051 1619 1091 ita
1648 1066 1717 1091 eos

345 1111 356 1128 ⁶
372 1121 515 1161 pacem
537 1108 742 1162 pepigisse
771 1122 866 1148 cum
896 1107 1108 1155 Romanis,
1132 1116 1189 1155 ut,
1212 1107 1451 1162 quicunque
1477 1107 1619 1162 populi
1641 1109 1716 1148 sub

344 1168 355 1185 ⁶
371 1164 535 1218 regibus
556 1164 740 1213 fuissent,
763 1172 805 1204 et
825 1179 922 1204 suae
945 1164 1114 1204 ditionis
1135 1172 1296 1211 essent,
1329 1179 1405 1204 nec
1427 1164 1507 1204 iam
1528 1164 1716 1205 libertate

344 1225 588 1261 ⁶contentos
619 1236 719 1270 0550,
742 1221 821 1261 nisi
852 1221 976 1261 etiam
1008 1229 1183 1275 regnent
1213 1236 1259 1260 ac
1290 1220 1569 1261 dominentur.
1633 1222 1717 1262 Re-

344 1278 649 1318 ‘nuntiandum
685 1278 811 1333 igitur
845 1278 894 1318 iis
931 1293 1031 1326 esse,
1069 1278 1299 1318 Leontinos
1334 1293 1501 1333 quoque
1537 1294 1717 1334 aequum

343 1340 534 1375 ‘censere
556 1312 837 1383 11110105Οο550;
869 1335 935 1375 vel
958 1335 1101 1389 quod
1092 1350 1133 1374 1n
1161 1334 1246 1375 solo
1269 1335 1380 1375 tubis
1400 1351 1496 1376 suae
1519 1344 1717 1391 tyrannus

343 1397 354 1414 ⁶
370 1391 577 1441 ceciderit,
592 1392 658 1432 vel
679 1393 793 1447 quod
815 1392 871 1433 ibi
887 1392 1067 1462 prinlum
1085 1391 1387 1433 conclamatum
1404 1392 1456 1433 ad
1470 1393 1715 1442 libertatem,

343 1453 355 1471 ⁶
370 1424 604 1503 relictisqrie
622 1465 743 1504 iegns
758 1449 932 1490 ducibus
949 1448 1169 1505 Syracusas
1182 1449 1234 1489 sit
1250 1464 1507 1490 concursum.
1569 1449 1716 1505 Itaque

344 1510 355 1528 ⁶
372 1514 442 1546 aut
459 1506 728 1546 eximendum
750 1506 793 1546 id
810 1507 861 1546 de
883 1506 1047 1546 foedere
1070 1521 1170 1555 esse,
1188 1515 1259 1546 aut
1279 1507 1413 1562 legem
1435 1522 1525 1547 eam
1541 1507 1716 1548 foederis
1729 1521 1748 1550 9

136 1571 284 1619 Leontini
345 1567 356 1585 ⁶
372 1577 456 1602 non
484 1563 779 1618 accipiendam.
785 1564 794 1579 ⁹
853 1562 988 1603 Facile
1023 1563 1279 1603 multitudini
1311 1579 1573 1619 persuasum:
1607 1564 1718 1620 lega-

134 1615 324 1685 alhegautur
343 1619 477 1674 tisque
502 1619 864 1675 Syracusanorum,
888 1628 929 1660 et
949 1619 1001 1659 de
1023 1620 1149 1660 0(10(10
1171 1629 1205 1660 st
1209 1621 1357 1660 ationis
1381 1621 1593 1662 Romanae
1616 1638 1718 1677 que-

132 1666 324 1729 ἑζίηξζωω
342 1676 538 1725 rentibus,
554 1685 595 1717 et
611 1676 909 1732 Hippocraten]
931 1685 1054 1731 atque
1074 1676 1304 1732 Epicydem
1327 1678 1437 1718 abile
1459 1694 1531 1718 seu
1549 1679 1651 1719 Locr
1639 1695 1716 1729 r,os

341 1748 414 1773 seu
431 1749 548 1788 quoe
535 1733 614 1774 alio
635 1734 817 1782 n1··1l,lent
833 1733 1059 1774 dummodo
1080 1724 1218 1774 Sicilia
1239 1734 1446 1782 cederent,
1465 1735 1715 1785 iubentibus,

340 1790 530 1831 ferociter
564 1806 806 1845 lesponsum
839 1799 921 1830 est:
958 1790 1134 1845 ‘Neque
1167 1791 1380 1831 111111(11550
1416 1807 1502 1832 5050
1542 1792 1620 1839 Syl
1622 1808 1717 1833 1011-

342 1852 354 1870 ⁶
369 1848 489 1897 sanis,
523 1856 570 1888 ut
603 1863 747 1903 pacem
784 1863 859 1903 pro
895 1862 936 1887 50
972 1862 1066 1888 011111
1102 1847 1301 1887 Romanis
1336 1848 1540 1888 facerzent
1579 1865 1715 1914 neque

343 1905 498 1945 ‘teneri
527 1904 671 1945 alienis
691 1904 950 1945 foederibus.'
1010 1904 1129 1944 Haec
1151 1904 1203 1944 ad
1232 1904 1443 1945 Romanos
1471 1905 1715 1961 Syracusani

340 1961 592 2010 detulerunt,
627 1963 870 2010 abnuentes,
909 1961 1165 2001 ‘Leontinos
1198 1961 1241 2001 in
1273 1977 1346 2001 sua
1378 1972 1579 2017 potestate
1615 1979 1713 2004 0550.

342 2018 517 2073 ‘Itaque
549 2019 709 2073 integro
740 2034 880 2059 secum
912 2019 1076 2059 foedere
1114 2018 1267 2059 bellum
1300 2019 1512 2060 Romanos
1543 2036 1637 2060 cum
1667 2022 1743 2061 iis1

342 2080 354 2097 ⁶
369 2084 565 2130 gesturos.
629 2075 780 2131 Neque
803 2091 888 2116 sese
911 2076 1124 2116 defuturos
1145 2076 1183 2116 ei
1208 2075 1339 2124 bcllo;
1373 2076 1430 2117 ita
1450 2086 1496 2117 ut
1516 2077 1560 2117 in
1581 2087 1716 2133 potes·
1730 2096 1745 2117 2

343 2137 354 2155 ⁶
368 2141 495 2173 tatem
516 2133 671 2173 redacti
689 2148 784 2173 suae
806 2148 944 2173 rursus
960 2133 1129 2173 ditionis
1150 2142 1298 2182 essent,
1313 2133 1419 2174 sicut
1435 2148 1515 2189 pax
1537 2149 1716 2175 conven-

343 2194 354 2212 ⁶
370 2189 492 2230 isset.’

197 2249 262 2287 30.
398 2245 623 2286 Marcellus
655 2262 749 2286 cum
783 2247 896 2287 omni
932 2246 1116 2286 exercitu
1148 2246 1354 2301 profectus
1392 2247 1436 2286 in
1472 2247 1713 2297 Leontinos,

136 2303 305 2333 Leontino·
342 2303 483 2358 Appio
514 2318 680 2358 quoque
712 2303 855 2352 accito,
888 2312 933 2343 ut
963 2303 1090 2343 altera
1120 2311 1234 2357 parte
1265 2303 1570 2358 aggrederetur,
1600 2313 1715 2346 tanto

134 2347 296 2417 fflffkfflff
310 2357 483 2401 aardore
505 2360 684 2400 militum
705 2370 765 2401 est
787 2375 883 2400 usus
904 2361 954 2400 ab
971 2360 1030 2400 ira
1050 2360 1157 2400 inter
1178 2360 1435 2401 conditiones
1456 2362 1567 2416 pacis
1588 2362 1743 2405 inter-3

134 2433 239 2467 capta.
339 2417 470 2458 fectae
517 2417 716 2465 stationis,
758 2426 805 2458 ut
843 2417 977 2472 primo
1025 2417 1183 2472 impetu
1225 2418 1368 2457 urbem
1414 2428 1711 2474 expugnarent.

383 2580 402 2610 9
418 2572 530 2609 Leyem
545 2583 612 2602 eam
622 2573 779 2610 foederis]
805 2573 932 2602 Foedus
948 2572 1006 2602 hac
1052 2576 1142 2611 parte
1158 2574 1251 2604 laedi.
1276 2574 1380 2604 Cnssv.

342 2612 522 2643 conditione
538 2614 646 2644 ictum.
671 2614 779 2644 DOER.
1094 2625 1110 2644 2
1135 2617 1187 2645 Ita
1203 2617 1255 2653 ut]
1283 2617 1332 2646 Ea
1348 2617 1416 2655 lege
1432 2621 1476 2648 ut.
1503 2618 1606 2648 CREV.

395 2663 402 2682 ι
433 2656 560 2693 Inteyro
584 2667 687 2686 seeum
705 2657 852 2693 foedere]
895 2656 947 2686 Ita
973 2661 1007 2686 ut
1093 2665 1110 2695 3
1135 2659 1185 2686 ΑΙ)
1208 2659 1258 2687 ira
1275 2682 1281 2688 .
1299 2681 1306 2688 .
1324 2682 1330 2688 .
1348 2660 1531 2697 interfectae
1554 2660 1710 2697 stationis]

342 2695 453 2724 foedus
476 2706 581 2726 secum
608 2698 762 2735 integrum
788 2699 1008 2736 intactumque.
1052 2709 1092 2729 sc.
1110 2700 1161 2729 Ob
1181 2699 1378 2730 interfectam
1401 2702 1578 2732 stationem.
1622 2702 1712 2731 Prae-

343 2741 479 2766 maneat.
516 2738 589 2767 Nun
608 2740 780 2769 credituros
796 2740 1009 2779 Syracusanos
1053 2741 1166 2779 positio
1197 2743 1235 2771 ab
1268 2752 1361 2781 saepe
1399 2753 1524 2772 causam
1563 2743 1712 2773 continet.

345 2779 463 2812 foedus,
480 2780 562 2816 quod
582 2781 719 2809 Romani
736 2791 842 2810 seeum
860 2782 1008 2815 habeant,
1053 2793 1136 2821 supr.
1157 2794 1181 2813 v.
1200 2793 1226 2821 5.
1254 2784 1291 2814 vi.
1309 2793 1335 2814 2.
1360 2784 1429 2814 infr.
1446 2785 1541 2814 xxvii.
1559 2794 1606 2822 30.

345 2820 429 2849 bello
445 2821 594 2849 advorsus
606 2822 779 2851 Leontinos
794 2824 929 2861 gerendo
944 2824 1007 2853 ulla
