1877 3178
367 90 445 127 148
870 84 1017 126 TITI
1054 82 1233 125 LIVII

161 183 204 213 U.
221 183 259 214 C.
282 175 560 222 536.lennibus
600 175 800 216 libarent:
842 175 1125 230 poculumque
1167 173 1279 213 idem
1319 172 1521 213 sacerdoti
1562 188 1662 222 esse,
1700 187 1778 219 ac9

160 226 198 257 A.
223 225 261 256 C·
283 223 353 256 ²¹5·
368 232 513 296 templi
528 232 791 273 antistitibus.
824 232 985 272 Praeda
999 245 1165 286 quoque
1180 229 1293 270 haud
1310 230 1444 269 minor
1461 229 1605 279 Gallis,
1621 244 1747 285 quam

225 523 291 562 25.

366 290 548 338 victoria,
565 289 654 329 fuit.
719 289 829 330 Nam
852 290 927 329 etsi
942 303 1093 343 magna
1108 302 1200 342 pars
1217 286 1459 326 animalium
1475 296 1608 342 strage
1623 286 1747 327 silvae

367 361 561 402 oppressa
581 354 680 394 erat,
703 354 841 387 tamen
863 355 1023 396 ceterae
1045 359 1121 393 res,
1145 344 1242 398 quia
1262 343 1364 383 nihil
1388 343 1630 398 dissipatum
1650 343 1748 398 fuga

368 413 441 452 est,
464 412 612 444 stratae
644 418 719 458 per
743 418 910 443 omnem
935 401 1106 442 iacentis
1128 400 1303 455 agminis
1334 400 1522 440 ordinem
1553 401 1747 441 inventae

368 469 474 500 sunt.

428 517 521 557 Hae
535 517 727 557 nuntiata
747 515 875 563 clade,
894 530 1024 570 quum
1045 529 1119 570 per
1133 514 1221 554 dies
1237 513 1389 553 multos
1410 513 1453 553 in
1470 521 1585 553 tanto
1598 527 1747 568 pavore

369 574 512 614 fuisset
533 574 687 622 civitas,
711 582 770 621 ut,
789 572 968 612 tabernis
990 571 1149 620 clausis,
1166 570 1281 611 velut
1301 578 1505 610 nocturna
1525 569 1749 610 solitudine

368 646 443 686 per
465 631 607 670 urbem
629 639 730 678 acta,
753 637 918 670 senatus
940 628 1141 668 aedilibus
1163 628 1376 682 negotium
1399 627 1526 675 daret,
1545 636 1591 667 ut
1604 627 1748 667 urbem

369 687 649 735 circumirent,
667 686 900 741 aperirique
923 686 1124 733 tabernas,
1143 693 1184 725 et
1206 684 1432 724 maestitiae
1450 683 1640 738 publicae
1658 698 1751 738 spe-

369 744 475 784 ciem
509 744 600 784 urbi
632 743 743 784 demi
783 743 998 790 iuberent3
1042 750 1130 782 tum
1168 741 1232 781 Ti.
1256 740 1525 796 Sempronius
1561 748 1751 780 senatum

369 800 527 849 habuit,
561 800 878 854 consolatusque
911 799 1055 839 Patres
1086 806 1160 847 est,
1193 807 1234 838 et
1264 797 1518 846 adhortatus,
1553 803 1645 845 ‘ne,
1679 796 1751 852 qui

372 863 383 881 ‘
400 857 615 898 Cannensi
636 857 779 897 ruinae
806 871 890 896 non
913 855 1239 903 succubuissent,
1262 854 1313 894 ad
1342 854 1521 894 minores
1543 853 1753 894 calamita-

371 920 383 937 ‘
396 922 457 954 tes
479 914 638 954 animos
654 913 971 953 summitterent.
1019 911 1147 960 Quod
1163 912 1215 951 ad
1232 911 1598 966 Carthaginienses
1614 911 1752 951 hostes
1770 929 1780 949 1

372 970 764 1025 ‘Hannibalemque
793 970 954 1018 attinet,
977 984 1174 1024 prospera
1204 968 1327 1008 modo
1357 976 1505 1016 essent,
1528 968 1634 1008 sicut
1662 982 1754 1022 spe-

372 1033 506 1067 ‘raret
538 1027 689 1075 futura,
725 1026 934 1066 Gallicum
970 1026 1125 1066 belluni
1156 1034 1197 1065 et
1228 1025 1364 1065 omitti
1397 1033 1486 1065 tuto
1520 1033 1561 1065 et
1597 1023 1754 1064 differri

371 1089 513 1138 ‘posse
532 1100 540 1123 ε
575 1083 862 1136 ultionemque
884 1097 974 1122 eam
994 1082 1150 1122 fraudis
1171 1082 1215 1121 in
1236 1081 1409 1121 deorum
1431 1096 1477 1121 ac
1499 1081 1644 1136 populi
1667 1080 1755 1121 Ro-

372 1146 383 1163 ‘
397 1140 510 1179 mani
530 1148 732 1194 potestate
754 1138 852 1178 fore.
916 1138 983 1178 De
1006 1138 1123 1178 hoste
1145 1138 1290 1177 Poeno
1312 1138 1659 1192 exercitibusque,
1681 1152 1755 1192 per

373 1202 384 1220 ‘
398 1211 502 1251 quos
523 1196 566 1235 id
583 1195 739 1236 bellum
760 1203 984 1250 gereretur,
1002 1194 1322 1234 consultandum
1344 1202 1468 1249 atque
1487 1194 1755 1248 agitandumst

371 1253 465 1308 Ipse
483 1253 677 1308 primum,
696 1252 799 1307 quid
819 1251 1007 1306 peditum
1030 1251 1318 1306 equitumque,
1342 1251 1445 1306 quid
1466 1251 1630 1299 civium,
1654 1250 1756 1306 quid

372 1310 575 1350 sociorum
599 1309 642 1348 in
664 1309 851 1349 exercitu
868 1316 974 1348 esset
997 1308 1220 1357 dictatoris,
1239 1307 1443 1348 disseruit.
1508 1308 1618 1348 Tum
1642 1307 1757 1348 Mar-

372 1366 501 1407 cellus
542 1381 707 1406 suarum
756 1366 969 1420 copiarum
1016 1380 1220 1405 summam
1267 1365 1471 1420 exposuit.
1556 1364 1673 1412 Quid
1712 1364 1758 1404 in

374 1423 531 1478 Apulia
552 1438 647 1462 cum
676 1422 725 1462 C.
747 1422 948 1462 Terentio
977 1421 1145 1462 consule
1167 1430 1284 1470 esset,
1308 1437 1332 1462 a
1358 1422 1500 1477 peritis
1522 1421 1757 1476 quaesitum

373 1488 445 1520 est.
510 1479 614 1527 Nec,
637 1479 749 1519 unde
771 1479 1006 1519 consulares
1034 1479 1241 1519 exercitus
1263 1479 1359 1518 satis
1383 1479 1490 1518 firmi
1513 1478 1566 1518 ad
1594 1486 1757 1519 tantum

373 1536 529 1577 bellum
551 1536 826 1583 efficerentur,
849 1536 1030 1575 inibatur
1057 1536 1171 1575 ratio.
1235 1535 1383 1590 Itaque
1408 1535 1601 1584 Galliam,
1625 1550 1769 1590 quan-t

374 1608 498 1648 quam
523 1593 761 1632 stimulabat
788 1592 893 1632 iusta
922 1592 993 1640 ira,
1017 1592 1152 1632 omitti
1182 1608 1231 1632 eo
1253 1608 1362 1632 anno
1395 1592 1560 1647 placuit.
1625 1591 1758 1632 Exer-

374 1650 480 1690 citus
501 1649 711 1690 dietatoris
729 1649 889 1689 consuli
911 1649 1101 1689 decretus
1123 1657 1194 1688 cst.
1259 1649 1325 1688 De
1343 1649 1531 1689 exercitu
1553 1648 1757 1697 NIarcelli,

375 1707 447 1761 qui
469 1720 613 1746 eorum
635 1721 687 1745 ex
708 1706 806 1760 fuga
825 1705 1039 1745 Cannensi
1058 1714 1206 1753 essent,
1224 1706 1268 1745 in
1293 1705 1475 1745 Siciliam
1497 1721 1566 1746 eos
1583 1705 1756 1753 traduci,

374 1772 500 1818 atque
531 1763 589 1803 ibi
625 1762 813 1810 militare,
848 1762 982 1802 donec
1018 1762 1061 1801 in
1093 1761 1213 1802 Italia
1247 1762 1402 1802 bellum
1439 1771 1556 1810 esset,
1589 1762 1756 1816 placuit.

376 1819 538 1860 Eodem
561 1835 613 1860 ex
631 1819 841 1859 dictatoris
855 1819 1088 1873 legionibus
1104 1819 1217 1859 reiici
1242 1818 1415 1859 militem
1433 1819 1595 1858 minimi
1613 1833 1759 1873 quem-

375 1891 456 1931 que
479 1876 647 1924 roboris,
670 1875 785 1916 nullo
806 1875 1049 1930 praestituto
1071 1875 1242 1915 militiae
1265 1884 1464 1930 tempore,
1487 1875 1566 1915 nisi
1588 1877 1659 1930 qui
1688 1875 1759 1915 sti·
1773 1894 1789 1914 2

376 1933 624 1988 pendiorum
665 1932 945 1987 legitimorum
985 1940 1102 1972 essct.
1182 1932 1304 1972 Duae
1352 1932 1535 1986 legiones
1576 1933 1758 1973 urbanae

377 1989 490 2030 alteri
516 1989 688 2038 consuli,
712 1989 784 2044 qui
806 1989 849 2028 in
871 1989 1008 2029 locum
1030 1989 1079 2029 L.
1100 1988 1305 2029 Postumii
1327 1989 1522 2029 suffectus
1544 1997 1662 2037 esset,
1686 1989 1760 2029 de-

377 2055 512 2086 cretae
534 2055 652 2086 sunt:
687 2061 881 2100 eumque,
905 2060 1035 2100 quum
1056 2045 1237 2100 primum
1254 2045 1374 2086 salvis
1395 2046 1586 2100 auspiciis
1606 2053 1758 2101 posset,

377 2103 505 2143 creari
545 2103 711 2158 placuit.
774 2102 982 2157 Legiones
1022 2111 1235 2157 praeterea
1274 2102 1376 2142 duas
1415 2103 1550 2157 primo
1591 2117 1759 2157 quoque

379 2168 563 2214 tempore
586 2175 637 2199 ex
670 2159 810 2199 Sicilia
836 2159 985 2199 acciri:
1019 2168 1144 2213 atque
1171 2159 1268 2199 inde
1297 2159 1453 2207 consul,
1477 2159 1543 2199 cui
1574 2159 1790 2213 legiones3

378 2216 559 2255 urbanae
591 2216 837 2263 evenissent,
864 2215 1043 2255 militum
1065 2224 1247 2255 sumeret.
1275 2224 1478 2269 quantum
1507 2230 1611 2270 opus
1639 2223 1756 2256 esset.

382 2271 431 2313 C.
452 2272 652 2312 Terentio
673 2272 833 2312 consuli
854 2272 1071 2327 propagari
1092 2272 1134 2311 in
1164 2287 1320 2311 annum
1343 2269 1587 2326 imperium:
1620 2287 1759 2327 neque
1773 2288 1793 2315 4

422 2420 441 2450 9
465 2411 683 2449 Poculztmque
699 2411 780 2440 idem
795 2410 947 2439 sacerdoti
963 2409 1045 2445 esse]
1093 2408 1117 2438 si
1139 2409 1208 2446 quis
1230 2408 1371 2448 legitima
1395 2408 1565 2448 stipendia,
1579 2408 1701 2438 seilicet
1718 2408 1760 2438 vi—

383 2453 506 2482 Vocem
527 2462 602 2487 esse,
620 2452 704 2490 quod
729 2451 761 2480 in
783 2461 833 2482 MS.
852 2451 945 2481 Harl.
969 2451 1047 2480 desi·
1091 2450 1172 2489 ginti
1189 2454 1272 2487 octo,
1289 2451 1485 2481 confecisset.

382 2495 520 2531 denitur,
536 2494 655 2523 omittit
673 2493 811 2523 Bekker.
1137 2502 1153 2531 3
1177 2494 1284 2533 Atque
1303 2495 1376 2524 inde
1395 2494 1507 2523 consul
1521 2517 1527 2523 .
1542 2516 1548 2523 .
1563 2516 1569 2523 .
1582 2516 1589 2523 .
1605 2493 1757 2530 sumeret]

430 2546 440 2565 1
469 2537 559 2572 Quod
573 2538 615 2565 ad
630 2537 909 2574 C'artlzayinienses
919 2558 925 2565 .
939 2558 945 2565 .
960 2558 965 2565 .
979 2536 1050 2564 atti-
1097 2535 1266 2566 Consulem
1283 2559 1290 2565 .
1305 2558 1312 2565 .
1326 2558 1333 2565 .
1349 2546 1484 2572 sumere,
1500 2539 1536 2564 ut
1556 2535 1641 2565 idem
1661 2545 1760 2564 serve-

382 2579 452 2614 πει]
478 2580 640 2608 Attium-el
651 2588 690 2607 ex
707 2578 831 2607 emend.
849 2577 988 2607 Gronov.
1005 2587 1050 2606 re-
1095 2581 1147 2606 tur
1156 2577 1306 2606 orationis
1316 2581 1463 2614 tenor,ex
1475 2577 1608 2607 coniect.
1620 2577 1761 2608 Gronov.

384 2620 489 2657 posuit
500 2620 641 2656 Bekker,
653 2624 687 2648 ut
698 2630 793 2657 quam
805 2629 915 2649 vocem
926 2619 1050 2658 exigere
1095 2619 1235 2659 reposuit
1252 2619 1390 2650 Bekker.

385 2660 484 2689 oratio
508 2661 637 2699 obliqua
658 2661 826 2697 videretur,
842 2662 895 2691 sed
912 2661 1049 2690 similem
1137 2673 1155 2699 4
1179 2662 1362 2700 Propayarz'
1378 2663 1413 2691 in
1429 2672 1550 2691 annum
1572 2661 1757 2699 imperium]

386 2702 537 2739 loquendi
554 2712 673 2732 morem
692 2703 804 2733 videris
820 2713 903 2742 supr.
921 2703 952 2732 ii.
971 2703 1018 2733 28.
1095 2702 1266 2733 Ascensius
1293 2707 1324 2733 et
1359 2704 1474 2732 deinde
1508 2702 1563 2732 alii
1592 2701 1760 2732 ediderunt

430 2753 444 2772 α
470 2745 543 2773 Nisi
565 2746 618 2782 qui
642 2746 887 2782 stipendiorum]
916 2744 987 2774 Nisi
1010 2744 1049 2779 ei,
1090 2746 1271 2783 proroyari,
1303 2745 1409 2782 idque,
1440 2744 1590 2782 quoniam
1621 2744 1689 2782 lege
1718 2745 1759 2773 ad
