1877 3178
172 179 218 210 U.
235 178 272 209 C.
295 177 366 217 546.

171 222 212 252 A.
237 220 275 251 C.
297 219 369 252 206.

190 1647 299 1677 Duces
315 1657 359 1677 se-

189 1689 318 1719 ditionis

189 1741 309 1769 poenas

190 1773 277 1804 dant.

254 2151 319 2187 30.

195 2205 314 2234 Hanno

194 2247 373 2284 praefectus

194 2288 341 2327 Magonis
357 2299 376 2318 a

194 2329 318 2360 Marcio
335 2331 380 2360 fu-

194 2381 255 2401 sus.

374 85 458 123 434
883 77 1029 118 TITI
1071 76 1250 118 LIVII

381 175 392 192 ‘
409 170 657 225 imperatore
680 182 802 222 aegro
823 166 952 207 serius
972 173 1238 206 numeratum
1260 164 1357 205 satis
1377 163 1504 219 digna
1524 179 1645 204 causa
1664 163 1755 212 fuit,

383 231 395 250 ‘
410 241 484 267 cur
510 226 667 281 patriae
696 223 935 264 indiceretis
955 223 1141 263 bellum?
1172 236 1245 262 cur
1265 221 1318 261 ad
1339 220 1537 275 Ilergetes
1557 220 1758 261 descisce-

384 283 509 324 ‘retis
544 298 568 322 a
602 281 756 337 populo
793 280 1016 320 Romano?
1047 294 1121 319 cur
1155 277 1259 318 nihil
1295 277 1529 317 divinarum
1558 276 1759 317 humana-

384 345 396 363 ‘
411 354 554 380 rumve
575 354 714 379 rerum
735 337 978 377 inviolatum
998 335 1113 376 vobis
1134 335 1268 375 esset?
1328 333 1542 374 Insanistis
1562 333 1758 388 profecto,

386 396 587 436 ‘militesz
622 410 700 435 nee
730 394 861 434 maior
890 394 934 433 in
965 407 1113 446 corpus
1144 405 1283 431 meum
1305 391 1365 430 vis
1395 390 1540 437 morbi,
1564 404 1689 444 quam
1716 389 1761 429 in

386 458 398 476 ⁶
413 461 567 493 vestras
588 460 760 499 menteS,
783 450 943 490 invasit.
1007 448 1164 489 Horret
1184 448 1344 487 animus
1365 447 1528 495 referre,
1551 445 1654 500 quid
1675 460 1762 486 ere-

387 514 399 532 ‘
414 508 598 549 diderint
618 508 820 556 homines,
843 507 945 561 quid
966 505 1232 561 speraverint,
1255 503 1355 559 quid
1379 503 1622 558 optaverint.
1672 501 1763 542 Au-

387 571 399 589 ‘
415 566 518 605 ferat
546 565 686 605 omnia
712 564 826 604 irrita
854 563 1018 611 oblivio,
1043 562 1075 602 si
1103 570 1261 616 potest:
1296 560 1329 600 si
1354 575 1452 608 non,
1475 568 1688 614 utcunque
1710 558 1764 598 si-

389 622 590 662 ‘lentium
614 629 735 676 tegat.
790 620 889 660 Non
910 619 1161 675 negaverim,
1184 618 1341 658 tristem
1363 625 1627 671 atrocemque
1649 615 1764 656 vobis

389 685 401 702 ‘
416 679 544 718 visam
565 678 794 718 orationem
817 691 975 724 mea1n3
1009 683 1165 730 quanto
1191 674 1358 715 creditis
1378 673 1485 713 facta
1504 682 1638 713 vestra
1657 680 1765 712 atro-

390 742 400 758 ‘
417 735 528 775 ciora
555 750 655 783 esse,
679 749 804 789 quam
832 734 943 773 dicta
971 732 1092 772 mea?
1124 740 1165 777 et
1193 747 1258 771 ine
1282 746 1341 779 ea,
1365 745 1470 785 quae
1492 729 1657 777 fecistis,
1679 728 1766 783 pati

390 798 400 815 ‘
417 806 596 846 aequum
619 791 817 831 censetis:
850 804 923 830 vos
943 805 995 829 nc
1018 788 1099 828 dici
1121 788 1292 843 quidem
1314 787 1454 827 onmia
1474 801 1606 841 aequo
1628 786 1766 826 animo

390 848 606 888 ‘ferretis?
668 847 751 887 Sed
782 862 835 887 ne
866 861 915 886 ea
943 845 1112 900 quidem
1144 845 1231 899 ipsa
1262 844 1369 884 ultra
1393 843 1764 898 exprobrabuntur.

392 905 595 944 ‘Utinam
630 912 713 944 tam
748 903 866 943 facile
899 918 970 942 Vos
1003 901 1302 942 obliviscamini
1338 915 1493 948 eorum,
1529 914 1653 954 quam
1689 913 1766 953 ego

392 967 404 984 ⁶
420 960 645 1001 obliviscar.
692 959 852 1013 Itaque,
871 958 984 1013 quod
1001 958 1053 997 ad
1069 973 1141 997 vos
1154 958 1365 998 universos
1387 957 1548 1004 attinet,
1566 957 1599 996 si
1621 955 1767 996 erroris

393 1023 405 1040 ‘
422 1016 619 1072 poenitet,
650 1016 746 1056 satis
773 1030 979 1070 superque
1007 1029 1235 1069 poenarum
1263 1014 1407 1054 habeo.
1470 1013 1620 1053 Albius
1645 1011 1768 1052 Cale-

393 1080 404 1097 ‘
421 1087 511 1121 nus,
534 1081 575 1112 et
598 1072 743 1112 Atrius
766 1072 939 1120 Umber,
963 1080 1004 1111 et
1025 1071 1151 1111 ceteri
1180 1071 1358 1110 nefariae
1387 1069 1600 1110 seditionis
1627 1076 1769 1109 aucto—

393 1136 498 1178 ‘res,
532 1129 732 1184 sanguine
769 1129 898 1177 luent,
933 1127 1047 1182 quod
1082 1127 1350 1167 admiserunt.
1412 1125 1542 1166 Vobis
1577 1125 1769 1180 supplicii

395 1193 565 1227 ‘eorum
596 1185 877 1241 spectaculum
908 1200 993 1225 non
1022 1184 1147 1225 modo
1174 1199 1259 1224 non
1287 1183 1494 1231 acerbum,
1517 1182 1589 1222 sed
1614 1182 1770 1222 laetum

394 1244 559 1292 ‘etiam,
589 1243 621 1283 si
652 1258 751 1282 sana
782 1257 900 1282 mens
932 1241 1067 1290 rediit,
1097 1241 1222 1281 debet
1249 1255 1348 1280 esse.
1410 1239 1477 1279 De
1499 1239 1623 1279 nullis
1644 1238 1769 1287 enim,

394 1306 405 1324 ‘
422 1315 547 1354 quam
569 1299 621 1340 de
642 1300 770 1347 vobis,
794 1299 982 1339 infestius
1003 1307 1074 1338 aut
1094 1297 1302 1337 inimicius
1323 1296 1644 1337 consuluerunt.’
1685 1294 1772 1335 Vix

393 1358 520 1396 finem
543 1356 710 1396 dicendi
731 1356 897 1404 fecerat,
921 1370 1050 1409 quum
1079 1369 1132 1394 ex
1162 1362 1403 1409 praeparato
1434 1352 1557 1393 simul
1585 1352 1771 1393 omnium

393 1428 532 1454 rerum
555 1422 685 1453 terror
706 1412 835 1453 oculis
860 1412 1109 1466 auribusque
1132 1419 1193 1451 cst
1212 1411 1378 1451 offusus.
1443 1409 1676 1458 Exercitus,
1699 1408 1772 1463 qui

394 1485 546 1510 corona
567 1469 811 1510 concionem
839 1468 1183 1515 circumdederat,
1205 1467 1352 1522 gladiis
1382 1466 1434 1507 ad
1461 1475 1578 1506 scuta
1604 1479 1773 1506 concre-

395 1527 507 1581 puit:
547 1526 762 1581 praeconis
799 1525 941 1565 audita
971 1539 1053 1565 vox
1084 1524 1248 1565 citantis
1278 1524 1448 1564 nomina
1483 1523 1772 1563 damnatorum

396 1583 440 1622 in
476 1582 658 1622 consilio.
722 1581 841 1622 Nudi
876 1582 920 1621 in
956 1581 1140 1621 medium
1176 1580 1546 1636 protrahebantur:
1580 1588 1622 1619 et
1651 1577 1774 1619 simul

397 1639 531 1679 omnis
553 1648 772 1693 apparatus
800 1638 992 1692 supplicii
1014 1638 1346 1692 expromebatur.
1408 1636 1594 1691 Deligati
1622 1635 1675 1675 ad
1701 1650 1774 1690 pa-

398 1695 497 1743 lum,
520 1695 727 1749 virgisque
761 1695 881 1742 caesi,
914 1703 955 1734 et
987 1694 1119 1734 securi
1152 1694 1348 1748 percussi,
1379 1693 1483 1733 adeo
1516 1692 1774 1747 torpentibus

397 1760 525 1800 metu,
561 1751 633 1806 qui
668 1751 852 1799 aderant,
889 1760 935 1789 ut
971 1765 1055 1789 non
1097 1750 1222 1789 modo
1256 1750 1431 1789 ferocior
1464 1764 1545 1788 vox
1580 1749 1774 1788 adversus

397 1808 654 1849 atrocitatem
682 1822 854 1862 poenae,
884 1806 957 1846 scd
989 1821 1041 1846 ne
1074 1806 1251 1861 gemitus
1280 1805 1464 1860 quidem,
1493 1804 1771 1845 exaudiretur.

398 1865 541 1905 Tracti
562 1864 659 1904 inde
682 1864 733 1904 de
756 1863 895 1903 medio
917 1877 1072 1910 omnes,
1095 1874 1354 1917 purgatoque
1375 1861 1466 1901 loco
1488 1861 1601 1901 citati
1623 1860 1807 1906 milites9

398 1921 644 1962 nominatim
678 1920 789 1975 apud
822 1920 1009 1959 tribunos
1045 1919 1222 1958 militum
1256 1918 1300 1958 in
1332 1917 1457 1958 verba
1489 1917 1536 1957 P.
1571 1917 1774 1972 Scipionis

398 1979 597 2025 iurarunt,
620 1976 958 2032 stipendiumque
981 1975 1034 2015 ad
1054 1990 1208 2015 nomen
1229 1974 1401 2029 singulis
1421 1974 1677 2028 persolutum
1698 1981 1771 2014 est.

399 2034 528 2074 Hunc
556 2034 683 2074 finem
717 2033 960 2087 exitumque
993 2031 1143 2072 seditio
1175 2031 1355 2072 militum
1385 2038 1533 2085 coepta
1562 2030 1674 2085 apud
1698 2029 1776 2070 Su-

398 2106 566 2132 cronem
588 2090 743 2131 habuit.

456 2148 539 2188 Per
565 2147 674 2187 idem
705 2155 868 2201 tempus
892 2146 945 2186 ad
967 2145 1130 2186 Baetim
1157 2145 1329 2185 fiuvium
1353 2143 1522 2192 Hanno,
1544 2143 1777 2199 praefectus

401 2204 609 2259 Magonis,
641 2204 787 2243 missus
820 2218 843 2242 a
878 2202 1080 2251 Gadibus,
1115 2216 1210 2241 cum
1246 2216 1370 2256 parva
1404 2215 1530 2240 manu
1562 2200 1774 2249 Afrorum,

401 2260 590 2301 mercede
614 2260 824 2314 Hispanos
844 2258 1104 2298 sollicitando
1132 2258 1185 2297 ad
1213 2266 1409 2312 quattuor
1430 2256 1559 2297 millia
1578 2257 1776 2296 iuvenum

401 2317 585 2358 armavit.
657 2315 813 2356 Castris
848 2315 1000 2355 deinde
1034 2323 1184 2354 exutus
1220 2314 1270 2354 ab
1306 2313 1355 2354 L.
1387 2312 1560 2362 Marcio,
1596 2313 1778 2353 maxima

401 2382 517 2429 parte
554 2372 732 2413 militum
768 2372 876 2412 inter
907 2371 1130 2412 tumultum
1164 2380 1378 2426 captorum
1412 2378 1650 2418 castrorum,
1684 2370 1777 2424 qui-

401 2430 575 2471 busdam
603 2429 729 2470 etiam
760 2429 803 2468 in
829 2428 927 2483 fuga
956 2428 1125 2476 amissis,
1148 2427 1304 2483 palatos
1323 2434 1599 2482 persequente
1621 2426 1775 2481 equite,

401 2495 496 2529 cum
518 2486 660 2542 paucis
680 2486 766 2540 ipse
789 2485 945 2539 effugit.

458 2543 575 2583 Dum
596 2543 697 2582 haec
719 2542 771 2582 ad
793 2541 956 2581 Baetim
978 2541 1149 2581 fluvium
1169 2548 1384 2595 geruntur,
1408 2539 1575 2579 Laelius
1595 2538 1775 2588 interim,

401 2600 506 2640 freto
542 2600 585 2639 in
624 2598 839 2639 Oceanum
878 2606 1057 2646 evectus,
1094 2597 1147 2637 ad
1185 2596 1398 2637 Carteiam
1432 2595 1558 2636 classe
1593 2596 1773 2635 accessit.

403 2656 444 2695 U
448 2657 514 2696 rbs
535 2671 583 2696 ea
603 2656 647 2695 in
668 2670 739 2695 ora
762 2654 923 2695 Oceani
944 2654 1022 2694 sita
1042 2662 1117 2702 est,
1139 2653 1210 2693 ubi
1239 2653 1420 2708 primum
1448 2667 1470 2692 e
1498 2652 1684 2692 faucibus
1704 2666 1776 2691 an-

443 2762 462 2791 9
486 2755 535 2783 De
547 2755 645 2783 medio
656 2755 776 2790 omnes]
797 2753 917 2782 Eorum
935 2752 1066 2789 scilicet,
1110 2753 1149 2782 cf.
1168 2753 1282 2791 Polyb.
1299 2751 1341 2782 xi.
1357 2753 1406 2783 28.
1428 2751 1482 2782 ubi
1499 2761 1547 2782 res
1562 2750 1694 2781 totidem
1711 2750 1775 2780 fere

401 2794 454 2831 qui
477 2794 575 2823 securi
602 2795 739 2832 percussi
765 2796 900 2831 fuerant,
924 2804 1064 2833 corpora.
1112 2794 1215 2824 verbis
1230 2797 1382 2826 narratur.
