1871 3178
473 112 598 154 LIB.
633 112 823 154 XXVII.
867 113 1012 155 CAP.
1045 117 1113 155 42.
1404 119 1486 157 389

102 201 247 242 obvius
277 200 331 242 ad
352 200 581 242 Venusiam
613 203 661 243 fit
691 201 847 243 consuli
877 201 1067 242 Claudio.
1123 187 1195 241 'Ibi
1226 216 1278 241 ex
1308 211 1542 258 utroqucU.
1560 213 1598 244 s.
1621 221 1692 252 545.

101 257 290 298 exercitu
320 258 451 298 electa
482 258 670 313 peditum
702 258 978 313 quadraginta
1008 257 1149 305 millia,
1172 257 1256 297 duo
1284 258 1412 298 millia
1442 256 1536 300 οιΑ·
1560 255 1597 286 C·
1622 264 1692 293 ²0⁷·

101 314 321 369 quingenti
343 316 517 369 equites,
541 316 691 369 quibus
713 314 855 355 consul
878 314 1072 354 a·dv01sus
1092 313 1373 354 Hannibalem
1396 330 1482 355 lem

100 379 288 424 geimeiet:
323 371 500 425 reliquas
531 372 669 425 copias
700 370 903 411 Hostilius
932 371 1121 425 Capuam
1153 370 1304 410 ducere
1335 370 1482 420 iussus,

101 434 149 466 ut
174 426 226 473 Q.
248 426 393 467 lulvio
416 427 651 482 ploeonsuli
675 427 865 467 traderet.

159 481 386 531 Hannibal
410 483 596 537 undiquc
619 492 746 522 contr·
740 491 831 522 icto
852 482 1052 531 exercitu,
1071 497 1197 536 quem
1220 482 1261 522 in
1283 482 1482 532 hibernis,
1556 488 1625 525 41.

101 545 173 578 aut
193 539 236 578 in
258 514 472 593 praesidiis
493 539 580 592 agri
604 538 757 578 Bruttii
778 539 818 578 11ι
821 539 990 586 tbuelat,
1015 539 1057 578 in
1080 538 1274 579 Lucanos
1295 539 1347 578 ad
1372 539 1484 579 Gru-

67 598 69 600 ’
100 603 290 634 mentum
311 595 437 643 venit,
461 610 531 649 spe
561 595 788 649 iecipicndi
818 594 985 649 oppida,
1009 610 1115 649 quae
1144 609 1219 649 per
1246 604 1403 635 metum
1430 596 1483 636 ad

101 649 316 691 Romanos
337 651 594 691 defecissent.
659 650 821 691 Eodem
843 666 867 691 a
890 650 928 690 V
931 652 1075 690 cnusia
1100 651 1244 691 consul
1268 651 1483 691 Romanus
1498 661 1635 691 Neronis
1651 665 1683 691 et

100 706 323 761 exploratis
351 707 567 747 itineribus
595 707 825 756 contendit,
848 716 891 747 et
919 707 1030 747 mille
1052 707 1136 747 fere
1166 717 1207 747 et
1232 703 1692 774 quingentos¹1¹²¹¹¹¹ib³1¹⁸

99 777 242 826 passus
274 772 406 803 castra
435 764 486 803 ab
519 762 636 803 hoste
671 763 788 804 locat.
854 763 1079 803 Glumenti
1107 764 1325 804 moenibus
1353 779 1482 819 prope
1496 755 1550 816 1⁶5?
1543 746 1674 817 ‘2⁰²‘OE

68 819 335 860 8iniunctum
363 819 582 859 videbatur
609 819 848 860 Poenorum
877 819 1056 859 xallum:
1091 820 1311 875 quingenti
1342 835 1484 875 passus

98 875 339 916 intererant.
403 876 549 916 Castra
581 875 743 916 Punica
772 891 819 916 ac
853 876 1047 916 Romana
1071 876 1340 916 interiacebat
1372 891 1483 917 cam-

98 945 203 986 pus3
236 931 362 972 colles
389 932 663 972 imminebant
690 932 795 972 nudi
822 932 988 972 sinistro
1016 932 1134 972 lateri
1163 931 1484 987 Carthaginien-

99 1002 219 1036 smm,
260 987 409 1028 dextio
452 988 752 1037 Romanorum,
794 989 952 1028 neutiis
993 989 1186 1043 suspecti,
1224 989 1339 1043 quod
1378 989 1482 1029 nihil

99 1042 224 1084 silvae
252 1059 389 1098 neque
421 1044 473 1084 ad
504 1045 673 1084 insidias
705 1045 956 1085 latebraium
982 1044 1202 1085 habebant.
1265 1044 1315 1084 In
1345 1045 1483 1085 medio

99 1114 246 1154 campo
281 1101 332 1140 ab
368 1101 614 1141 stationibus
649 1110 938 1155 pioeursantes
970 1101 1169 1141 certamin
1173 1116 1208 1149 ιι,
1241 1100 1353 1140 haud
1386 1101 1483 1141 satis

100 1155 228 1210 digna
248 1156 376 1204 dictu,
399 1157 601 1196 serebant.
655 1156 706 1196 Id
728 1157 852 1197 modo
876 1157 1115 1197 Romanum
1138 1171 1334 1211 quaerere
1358 1171 1484 1211 appa-

99 1212 228 1261 rebat,
251 1227 303 1252 ne
326 1212 437 1252 abire
465 1213 627 1252 hostem
652 1221 874 1267 pateretur.
938 1212 1166 1261 Hannibal,
1189 1212 1287 1252 inde
1309 1212 1482 1253 evadere

99 1268 285 1331 cupienS,
308 1268 404 1309 totis
424 1268 578 1308 viribus
607 1268 649 1307 in
679 1269 810 1309 aciem
832 1269 1122 1309 descendebat.
1186 1269 1225 1309 Γ
1229 1283 1299 1308 um
1325 1268 1482 1318 consul,
1499 1276 1640 1308 Insidiae

68 1323 269 1379 9ingeni0
305 1324 434 1364 hostis
471 1339 580 1373 usus,
618 1339 702 1379 quo
738 1325 875 1364 minus
911 1325 955 1364 in
990 1332 1075 1364 tam
1117 1325 1269 1379 apertis
1311 1325 1484 1366 collibus
1498 1319 1660 1350 Romano-

100 1380 239 1420 timeri
266 1381 439 1420 insidiae
461 1389 581 1435 potei
583 1389 666 1428 ant,
689 1381 876 1434 quinque
899 1380 1101 1428 cohortes,
1125 1380 1275 1421 additis
1296 1381 1483 1436 quinque
1497 1370 1578 1391 mm

100 1436 335 1492 manipulis,
358 1444 479 1477 nocte
502 1437 645 1491 iugum
667 1451 874 1491 superare,
892 1444 935 1476 et
954 1436 997 1476 in
1020 1437 1170 1476 aversis
1191 1436 1365 1476 vallibus
1386 1452 1486 1477 con·

100 1492 236 1533 sidere
269 1493 395 1533 iubet.
459 1492 646 1547 Tempus
678 1492 931 1547 exsurgendi
967 1507 1020 1532 ex
1055 1492 1228 1541 insidiis,
1264 1501 1306 1533 et
1341 1507 1485 1548 aggre-

101 1548 246 1589 diendi
288 1549 466 1597 hostem,
506 1549 572 1589 Ti.
610 1548 838 1589 Claudium
879 1548 1070 1588 Asellum
1117 1549 1332 1589 tribunum
1376 1549 1486 1589 mili-

100 1612 192 1646 tum
237 1613 279 1645 et
318 1605 366 1645 P.
408 1604 634 1645 Claudium
678 1604 934 1659 praefectum
976 1605 1134 1645 socium
1177 1605 1337 1653 edocet,
1382 1620 1486 1660 quos

100 1675 198 1702 cum
244 1661 294 1701 iis
335 1661 538 1701 mittebat.
601 1660 695 1715 Ipse
740 1660 832 1701 luce
876 1660 1010 1715 prima
1050 1661 1188 1715 copias
1229 1675 1373 1702 omnes
1413 1676 1487 1716 pe-

101 1717 235 1758 ditum
270 1717 545 1772 equitumque
581 1717 626 1757 in
661 1717 793 1757 aciem
829 1716 987 1757 eduxit.
1049 1716 1197 1757 Paullo
1232 1726 1326 1772 post
1361 1725 1403 1758 et
1435 1718 1487 1759 ab

102 1772 343 1814 Hannibale
376 1773 542 1829 signum
574 1788 740 1828 pugnae
773 1774 1033 1829 propositum
1064 1781 1138 1822 est,
1170 1773 1408 1828 clamorque
1441 1775 1487 1814 in

101 1830 243 1870 castris
276 1830 330 1870 ad
361 1845 475 1870 arma
504 1830 827 1870 discurrentium
858 1839 921 1870 est
955 1829 1151 1870 sublatus.
1214 1829 1320 1870 Inde
1358 1845 1487 1885 eques

101 1886 314 1941 pedesque
336 1886 525 1926 certatim
546 1886 676 1941 portis
696 1901 830 1935 ruere,
853 1901 899 1926 ac
927 1886 1055 1941 palati
1082 1901 1157 1941 per
1177 1901 1371 1941 campum
1392 1901 1488 1941 pro-

101 1957 245 1997 perare
277 1942 330 1983 ad
358 1942 508 1983 hostes.
575 1942 694 1989 Quos
721 1943 793 1982 ubi
820 1943 970 1983 effusos
998 1942 1144 1982 consul
1167 1942 1295 1990 videt,
1318 1943 1487 1982 tribuno

101 1998 283 2038 militum
304 1999 448 2038 tertiae
468 1998 643 2053 legionis
667 1999 715 2039 C.
736 1998 1024 2038 Aurunculeio
1046 1999 1233 2052 imperat,
1256 2007 1303 2037 ut
1324 1999 1487 2060 equites

102 2053 290 2117 legionis,
313 2063 470 2108 quanto
492 2054 674 2094 maximo
696 2054 856 2108 impetu
877 2055 1017 2108 possit,
1040 2054 1082 2092 in
1109 2054 1271 2093 hostem
1296 2054 1483 2093 emittat:

75 2131 87 2152 1
103 2109 162 2150 ita
184 2125 383 2164 pecomm
407 2110 533 2150 modo
562 2109 857 2164 incompositos
884 2118 972 2149 toto
999 2109 1151 2164 passim
1179 2123 1325 2163 campo
1353 2123 1395 2148 se
1422 2109 1487 2148 fu-

71 2165 225 2214 2disse,
252 2174 300 2206 ut
329 2166 457 2206 sterni
488 2166 718 2220 obterique,
744 2180 987 2220 priusquam
1018 2166 1287 2213 instruantui,
1313 2164 1484 2219 possint.

104 2221 310 2262 Nondum
347 2222 562 2262 Hannibal
597 2237 619 2261 e
656 2221 797 2261 eastiis
833 2221 1003 2269 exieiat,
1041 2235 1173 2275 quum
1207 2220 1487 2275 pugnantium
1561 2224 1629 2261 42.

103 2277 326 2317 clamorem
368 2278 536 2318 audivit.
599 2277 762 2331 Itaque,
800 2277 961 2316 excitus
1004 2276 1200 2325 tumultu,
1242 2277 1392 2331 raptim
1435 2276 1487 2316 ad
1501 2277 1615 2316 Pugna

103 2332 267 2372 hostem
312 2333 451 2386 copias
495 2333 591 2387 agit.
653 2332 743 2372 Iam
784 2332 940 2387 primos
983 2347 1166 2387 occupax
1169 2340 1255 2372 erat
1297 2340 1489 2385 equester
1501 2318 1674 2390 &punisti-

103 2396 245 2428 terror.
307 2366 545 2428 PeditumD
535 2389 660 2428 etiam
688 2388 821 2442 prima
842 2388 950 2442 legio
971 2396 1014 2428 et
1034 2388 1181 2427 dextia
1201 2387 1264 2427 ala
1283 2387 1490 2441 pioelium

104 2444 279 2484 inibant.
342 2443 615 2498 Ineompositi
642 2444 793 2492 hostes,
823 2452 870 2483 ut
898 2458 1109 2498 quemque
1142 2451 1213 2482 aut
1244 2443 1390 2497 pediti,
1420 2452 1492 2483 aut

106 2500 240 2555 equiti
271 2513 387 2540 casus
415 2499 578 2548 obtulit,
604 2499 663 2540 ita
689 2508 913 2540 conserunt
940 2513 1099 2539 manuS.
1163 2498 1324 2539 Crescit
1350 2513 1492 2554 pugna

153 2599 173 2628 8
202 2600 377 2637 Quinyenti
419 2609 536 2637 passus
579 2598 775 2635 intererant]
822 2597 921 2627 hostis
943 2596 1097 2633 imitatus,
1118 2600 1149 2626 et
1172 2597 1234 2626 adi
1237 2606 1322 2626 ersus
1345 2596 1492 2627 Poenum

105 2640 242 2671 Vallum
269 2641 451 2670 Poenorum
481 2639 638 2670 Romanis
663 2649 703 2669 ex
733 2639 779 2669 in·
823 2643 890 2669 arte
908 2638 1033 2668 Punica
1048 2642 1150 2668 utens.
1175 2638 1280 2669 CREV.

105 2683 241 2712 tervallo
258 2681 477 2720 spectantibus
493 2681 662 2711 videbatur
680 2690 781 2719 prope
870 2690 883 2710 1
908 2681 948 2710 Se
956 2681 1101 2718 fudisse]
1130 2679 1292 2718 Intellige,
1307 2689 1451 2710 monens.

105 2723 287 2754 iniunctum
302 2723 470 2753 moenibus
487 2722 667 2753 Grumenti.
713 2722 778 2752 Re-
866 2731 883 2751 ιι
907 2722 1016 2752 Sterni
1044 2722 1220 2761 obterique]
1257 2722 1406 2753 Obierere
1436 2731 1494 2760 pu-

106 2775 182 2795 vera
196 2764 360 2804 quingenti
377 2774 487 2803 passus
500 2763 684 2794 intererant.
706 2763 767 2794 Cn.
822 2767 957 2802 gnantes
979 2767 1093 2793 stratos
1116 2763 1303 2793 dicebantur
1328 2763 1402 2802 equi
1429 2762 1495 2794 sive

149 2815 170 2846 9
192 2807 327 2846 Inyem'o
357 2807 453 2838 hostis
484 2807 576 2843 usus]
608 2805 780 2844 Ingenium
824 2804 1002 2843 elephanti,
1017 2811 1052 2834 ut
1070 2805 1173 2836 Drak.
1188 2808 1308 2835 monet.
