1877 3178
139 195 183 227 U.
199 194 237 226 C.
260 201 330 233 540.

138 239 177 269 A.
201 238 239 268 C.
262 246 332 267 212.

201 311 266 348 31.

139 539 327 587 Syracusani

139 586 327 620 permittunt

137 634 171 695 {e
188 624 322 654 Marcel-

153 676 181 696 o.

133 1678 219 1708 Urbs
234 1677 306 1707 diri-

131 1720 248 1759 pienda
264 1720 320 1749 mi-

131 1763 179 1792 liti
196 1764 297 1792 datur.

130 1803 331 1836 Archimedis

130 1857 223 1880 morS.

343 99 424 138 268
844 98 988 140 ΤῙΤΙ
1025 97 1200 140 LIVII

344 187 427 227 suis
457 186 709 238 adiunctum,
740 189 924 245 receptui
954 189 1126 230 cecinit:
1158 204 1210 230 ne
1235 190 1370 246 regiae
1399 205 1507 245 opes,
1530 205 1712 246 quarumv

344 243 452 284 sama
471 244 612 294 maior,
632 260 756 301 quam
777 261 851 295 reS,
875 254 972 295 erat,
994 246 1280 301 diriperentur.

404 300 630 357 Suppresso
651 303 809 358 impetu
829 303 1019 351 militum,
1035 312 1076 343 et
1092 303 1152 352 iis,
1168 303 1239 358 qui
1260 303 1303 344 in
1321 303 1560 344 Achradina
1575 313 1702 354 erant,

344 358 562 414 transfugis
583 359 759 414 spatium
780 360 974 415 locusque
997 360 1115 414 fugae
1137 360 1256 400 datus
1277 369 1359 408 est3
1387 370 1428 401 et
1447 360 1702 416 Syracusani,
1739 410 1741 412 q

343 415 511 456 tandem
543 416 658 457 liberi
690 426 814 465 metu,
837 418 963 472 portis
986 417 1248 458 Achradinae
1270 418 1431 473 apertis,
1454 426 1631 458 oratores
1652 418 1705 458 ad

344 471 589 513 Marcellum
621 473 803 523 mittunt,
825 474 929 514 nihil
948 483 1136 530 petentes
1157 473 1280 523 aliud,
1303 489 1427 529 quam
1448 474 1705 515 incolumita-

345 537 427 569 tem
458 530 534 570 sibi
566 530 783 585 libcrisque
815 531 907 571 suis.
970 531 1203 580 Marcellus,
1230 531 1399 572 consilio
1427 531 1636 580 advocato,
1663 540 1705 572 et

344 586 537 627 adhibitis
572 587 695 627 etiam
730 587 1005 642 Syracusanis,
1040 589 1111 643 qui
1146 603 1218 643 per
1253 588 1474 628 seditiones
1513 588 1619 643 pulsi
1654 589 1704 628 ab

344 642 467 683 domo
489 644 595 684 intra
614 644 817 699 praesidia
834 645 1020 685 Romana
1036 654 1162 693 erant,
1181 645 1412 700 respondit:
1443 652 1453 668 ί
1468 644 1565 685 Non
1586 645 1705 700 plura

345 705 442 754 ‘per
466 715 594 741 annos
616 702 916 757 quin(‘1uaginta
946 702 1160 742 benefacta
1182 702 1387 751 Hieronis,
1411 717 1535 758 quam
1565 702 1704 757 paucis

345 757 431 796 ‘his
461 758 577 798 annis
607 758 807 798 maleficia
837 774 991 807 eorum,
1015 759 1085 813 qui
1117 759 1334 814 Syracusas
1365 759 1586 807 tenuerint,
1608 774 1705 815 erga

344 814 566 869 ‘populum
589 815 825 855 Romanum
851 831 948 856 esse.
1013 816 1096 856 Sed
1125 816 1318 871 pleraque
1351 832 1505 865 eorum,
1528 831 1611 871 quo
1632 816 1705 857 de-

344 876 355 893 ‘
368 871 543 920 buerint,
562 872 776 920 recidisse3
803 872 1097 928 foederumque
1120 882 1332 928 ruptorum
1355 874 1461 928 ipsos
1480 874 1530 913 ab
1552 888 1593 913 se
1614 889 1705 929 gra-

343 927 498 968 ‘viores
533 928 675 977 multo,
710 944 833 984 quam
869 929 1045 985 populus
1082 930 1294 970 Romanus
1332 931 1516 979 volucrit,
1551 945 1704 985 poenas

343 985 561 1039 ‘exegisse
626 985 677 1025 Se
701 986 867 1040 quidem
891 987 1057 1026 tertium
1085 1002 1238 1027 annum
1260 987 1556 1028 circumsedere
1584 987 1704 1042 Syra-

342 1047 506 1081 ‘cusasz
542 1057 626 1082 non
648 1050 694 1082 ut
714 1042 889 1097 populus
913 1043 1125 1083 Romanus
1155 1059 1311 1084 servam
1342 1044 1548 1084 civitatem
1579 1044 1704 1085 habe-

341 1103 351 1120 ‘
365 1106 439 1146 ret,
457 1098 529 1138 sed
550 1114 601 1138 ne
625 1099 922 1154 transfugarum
945 1099 1070 1139 duces
1088 1109 1248 1154 captam
1270 1109 1311 1140 et
1331 1115 1565 1155 oppressam
1586 1110 1702 1141 tene-

342 1160 353 1177 ‘
365 1163 466 1194 rent.
532 1154 649 1202 Quid
675 1156 884 1210 potuerint
910 1155 1152 1211 Syracusani
1174 1157 1317 1205 facere,
1341 1157 1530 1211 exemplo
1551 1158 1614 1197 vel
1635 1173 1704 1198 eos

341 1216 353 1234 ⁶
368 1210 714 1266 Syracusanorum
737 1227 836 1261 esse,
860 1213 931 1267 qui
960 1213 1067 1253 intra
1096 1213 1297 1268 praesidia
1319 1213 1508 1253 Romana
1536 1213 1700 1263 fuerint,

340 1268 428 1308 ‘vel
460 1268 693 1324 Hispanum
726 1269 874 1310 ducem
901 1269 1121 1319 Mericum,
1145 1271 1217 1325 qui
1247 1270 1495 1325 praesidium
1526 1271 1705 1313 tradide-

339 1324 427 1373 ‘rit,
451 1325 515 1366 vel
536 1326 717 1381 ipsorum
742 1326 1092 1382 Syracusanorum
1120 1336 1338 1382 postremo,
1361 1342 1496 1367 serum
1518 1327 1702 1382 quidem,

339 1387 351 1405 ‘
363 1382 436 1422 sed
455 1382 558 1423 forte
580 1383 806 1424 consilium.
873 1383 1072 1424 Omnium
1095 1384 1171 1424 sibi
1192 1384 1378 1425 laborum
1408 1384 1704 1439 periculorum-

339 1445 351 1462 ‘
364 1454 458 1493 que,
481 1440 588 1480 circa
608 1440 772 1481 moenia
796 1440 1049 1496 Syracusana
1080 1450 1186 1481 terra
1215 1442 1399 1496 marique
1428 1450 1510 1481 tam
1531 1441 1604 1481 diu
1631 1457 1704 1482 ex—

340 1495 614 1545 ‘haust01·um,
632 1513 896 1553 nequaquam
918 1507 1079 1538 tantum
1100 1499 1278 1539 fructum
1300 1513 1398 1547 esse,
1414 1513 1536 1553 quam
1557 1513 1702 1554 capere
1715 1516 1734 1544 4

340 1558 351 1576 ‘
367 1551 584 1608 Syracusas
605 1555 809 1608 potuisse.⁷
870 1555 972 1595 Inde
995 1564 1186 1609 quaestor
1206 1571 1299 1596 cum
1320 1555 1521 1611 praesidio
1542 1555 1593 1596 ad
1616 1555 1659 1596 N
1661 1571 1704 1596 a-

338 1624 428 1649 sum
463 1610 515 1650 ad
547 1611 826 1665 accipiendam
865 1612 1083 1666 pecuniam
1119 1613 1272 1667 regiam
1308 1612 1703 1668 custodiendamque

338 1666 494 1707 missus.
558 1667 667 1707 Urbs
688 1667 921 1723 diripienda
952 1668 1071 1709 militi
1099 1669 1193 1709 data
1213 1680 1285 1717 est,
1308 1669 1545 1709 custodibus
1565 1669 1704 1710 divisis

340 1737 413 1778 per
446 1723 589 1764 domos
624 1739 778 1773 eorum,
813 1725 885 1779 qui
924 1725 1032 1764 intra
1070 1726 1271 1780 praesidia
1305 1725 1494 1765 Romana
1527 1726 1700 1767 fuerant.

344 1780 487 1828 Quum
517 1780 646 1821 multa
675 1781 770 1829 irae,
793 1781 922 1822 multa
949 1781 1153 1830 avaritiae,
1175 1782 1296 1821 foeda
1319 1782 1508 1836 exempla
1529 1783 1702 1823 ederen-

340 1845 418 1886 tur,
442 1837 750 1886 Archimedem,
774 1838 992 1879 memoriae
1023 1838 1230 1893 proditum
1256 1846 1328 1887 est,
1351 1838 1394 1877 in
1416 1846 1528 1878 tanto
1550 1839 1702 1879 tumul-
1716 1849 1732 1880 5

339 1903 397 1942 tu,
420 1903 621 1949 quantum
652 1903 771 1949 capta
800 1896 894 1935 urbs
925 1895 967 1935 in
999 1895 1184 1936 discursu
1211 1894 1493 1950 diripientium
1524 1895 1702 1935 militum

335 1951 443 1992 ciere
474 1959 647 2006 poterat,
670 1952 877 1992 intentum
907 1952 1057 2000 formis,
1081 1967 1181 2007 quas
1209 1952 1251 1991 in
1282 1951 1448 2006 pulvere
1477 1951 1705 2007 descripse-

335 2016 409 2056 rat,
441 2009 491 2049 ab
524 2009 666 2063 ignaro
698 2008 844 2058 milite,
875 2009 966 2063 quis
1000 2018 1116 2057 esset,
1148 2008 1421 2048 interfectum.
1485 2010 1622 2063 Aegre
1658 2009 1701 2049 id

336 2064 583 2105 Marcellum
614 2065 766 2114 tulisse,
789 2066 1106 2121 sepulturaeque
1138 2080 1277 2106 curam
1307 2065 1513 2105 habitam:
1548 2074 1589 2105 et
1609 2081 1700 2121 pro-

1040 2191 1228 2222 coniecturis
1257 2191 1370 2221 nostris
1400 2192 1450 2221 hic
1482 2192 1573 2221 detur
1603 2193 1702 2230 locus,

1041 2235 1179 2272 placeret
1202 2234 1301 2272 magis
1325 2235 1445 2272 legere:
1473 2236 1620 2265 Omnium
1643 2237 1702 2266 sibi

1040 2278 1178 2306 laborum
1197 2300 1204 2306 .
1221 2300 1227 2306 .
1246 2299 1252 2306 .
1270 2287 1468 2316 nequaquam
1484 2277 1614 2314 digmum.
1624 2279 1701 2315 sru—

1040 2323 1120 2348 clum
1143 2329 1216 2351 esse,
1233 2319 1314 2357 quod
1327 2329 1440 2357 capere
1454 2321 1628 2356 Syracusas
1646 2330 1700 2358 po-

1040 2362 1157 2391 taisset.
1203 2362 1292 2397 Quod
1307 2384 1313 2389 .
1332 2384 1338 2390 .
1356 2384 1363 2390 .
1378 2362 1529 2399 potuisset
1550 2361 1701 2391 exhibent

1040 2402 1158 2441 scripti,
1183 2406 1214 2432 et
1246 2402 1444 2432 vetustissimi
1476 2403 1561 2432 editi.
1608 2404 1699 2434 Haec

376 2205 395 2231 4
418 2195 628 2233 Nequaquam
649 2198 772 2223 tantum
786 2194 934 2231 fructum
952 2204 995 2223 es—

333 2246 377 2271 se,
399 2246 492 2275 quam
518 2237 646 2274 capere]
678 2236 781 2265 Locus
804 2236 995 2274 deploratus

334 2277 514 2307 Gronovius
540 2277 726 2316 suspicatur,
749 2289 842 2317 quam
868 2279 893 2307 si
921 2288 996 2316 pao·-

333 2331 403 2350 ‹tere
416 2320 582 2357 Syracusis
594 2322 754 2358 patuisset.
800 2320 872 2350 Alb.
890 2320 995 2349 Rube-

334 2362 404 2391 nius
421 2362 579 2400 vulgatam
602 2361 826 2400 interpretatur
848 2362 907 2391 hoc
930 2371 995 2390 mo-

334 2405 394 2434 do:
426 2414 625 2442 nequaquam
650 2414 688 2434 ex
713 2404 858 2433 omnibus
885 2403 995 2433 labori-

334 2447 392 2475 bus
410 2446 621 2484 periculisque
636 2450 759 2475 tantum
777 2457 843 2476 esse
858 2446 995 2475 fructum

333 2488 402 2523 sibi,
428 2492 582 2526 quantum
609 2499 721 2527 capere
745 2489 917 2527 Syracusae
940 2498 993 2526 po-

333 2530 478 2567 tuissent,
494 2531 518 2560 si
538 2530 569 2560 in
585 2530 756 2560 amicitiam
776 2532 995 2560 Romanorum

334 2575 456 2601 mature
486 2576 517 2602 et
544 2573 685 2602 volentes
714 2572 886 2602 rediissent.
932 2572 995 2602 Sed

334 2613 412 2642 haec
435 2614 541 2643 omnia
564 2625 675 2653 parum
698 2615 819 2644 faciunt
841 2616 881 2644 ad
907 2625 993 2644 meu-

334 2656 399 2683 tem
416 2655 573 2691 Marcelli,
589 2657 642 2694 qui
659 2667 844 2696 exaggerare
861 2657 928 2687 vult
950 2657 993 2686 la-

336 2695 425 2724 bores
448 2697 505 2726 sibi
528 2698 559 2726 in
583 2699 744 2728 obsidione
769 2699 993 2738 Syracusarum

336 2736 515 2773 exhaustos,
531 2743 566 2768 ut
584 2750 622 2769 ex
639 2751 675 2769 eo
692 2741 879 2779 Syracusani
902 2741 993 2770 intel—

336 2777 446 2816 ligant,
470 2789 531 2816 qua
558 2790 659 2818 poena
685 2782 770 2820 digni
796 2783 866 2812 sint.
912 2783 995 2812 Tota

335 2820 420 2852 enim
436 2821 534 2849 oratio
550 2822 645 2860 spirat.
661 2824 866 2856 severitatem,
913 2824 945 2854 Si
964 2827 993 2853 ct

1039 2445 1132 2483 igitur
1148 2445 1227 2474 foret
1242 2445 1335 2474 huius
1355 2445 1416 2474 loci
1434 2445 1607 2475 sententia:
1632 2449 1699 2475 tan-

1039 2492 1086 2516 tos
1101 2498 1119 2517 a
1136 2487 1291 2516 Marcello
1307 2487 1338 2516 in
1355 2487 1516 2516 obsidione
1533 2487 1699 2526 Syracusa-

1038 2539 1107 2558 rum
1135 2529 1303 2559 exhaustos
1327 2530 1459 2565 labores,
1481 2532 1515 2558 ut
1541 2529 1589 2558 vel
1611 2529 1699 2568 ipsae

1039 2571 1210 2610 Syracusae
1240 2575 1351 2610 captae
1380 2571 1494 2610 exigua
1521 2570 1560 2600 sit
1590 2581 1697 2601 eorum

1038 2624 1166 2644 merces.
1192 2614 1296 2643 CnEv.

1079 2664 1095 2694 5
1119 2656 1348 2690 Archimedem,
1357 2657 1522 2686 memoriae
1538 2656 1696 2693 proditum

1036 2699 1097 2734 est]
1122 2698 1172 2727 De
1186 2697 1385 2727 Archimedis
1399 2707 1472 2726 casu
1487 2697 1584 2726 fusius
1599 2700 1696 2735 agunt

1039 2740 1125 2769 Plut.
1150 2739 1181 2769 in
1206 2739 1372 2775 Marcello,
1388 2742 1419 2769 et
1436 2739 1509 2768 Val.
1527 2739 1614 2768 Max.
1633 2737 1693 2768 viii.

1039 2781 1066 2813 7.
1114 2782 1163 2810 De
1185 2781 1251 2811 eius
1271 2781 1414 2819 sepulcro
1430 2780 1500 2809 vide
1516 2779 1582 2810 Cic.
1599 2778 1693 2811 Tusc,

1040 2825 1171 2858 Quaest.
1190 2834 1217 2853 v.
1236 2832 1283 2861 23.
1300 2826 1331 2853 et
1346 2831 1412 2862 sqq.
1436 2822 1539 2852 Cssssv.
