1877 3178
137 221 178 250 U.
196 221 233 250 (ἶ.
257 221 328 259 538.

133 263 172 293 A.
196 262 234 294 C.
257 273 329 301 214.

195 1575 261 1615 37.

133 1631 266 1669 Aliquot
278 1642 326 1661 ur-

134 1674 185 1702 bes
195 1674 236 1702 ad
251 1674 326 1704 Poe-

131 1726 189 1744 nos
204 1716 309 1745 defici-

132 1761 199 1788 unt.

132 1799 287 1830 Hennen-

131 1842 213 1871 sium
230 1843 321 1872 moli-

130 1884 242 1915 tiones.

338 125 420 163 214
854 123 1000 164 TITI
1037 123 1215 164 LIVII

340 225 458 251 cusas
485 226 537 251 ex
562 211 645 252 alto
675 211 919 261 decurrere3
953 223 995 252 et
1022 212 1214 252 Romana
1241 212 1339 251 item
1373 210 1522 259 classis,
1552 210 1721 265 triginta

341 267 676 323 quinqueremes,
701 268 908 323 legionem
929 269 1105 324 primam
1127 268 1324 308 Panormi
1346 283 1597 323 exposuere3
1630 282 1721 307 ver—

341 339 516 380 sumque
538 326 589 366 ab
610 325 732 366 Italia
751 325 907 366 bellum
929 326 1053 377 (adeo
1075 334 1250 380 uterque
1272 325 1449 381 populus
1471 325 1514 364 in
1538 324 1721 365 Siciliam

340 382 547 436 intentus)
566 382 689 423 fuisse
710 383 841 423 videri
862 392 1034 439 poterat.
1098 383 1329 437 Legionem
1354 382 1599 430 Romanam,
1615 396 1720 435 quae

341 439 528 494 exposita
550 439 747 481 Panormi
769 450 868 489 erat,
892 440 1129 480 venientem
1155 439 1388 495 Syracusas,
1411 438 1587 494 praedae
1609 437 1723 478 haud

341 496 467 537 dubie
489 497 565 537 sibi
586 497 767 537 suturam
797 496 982 537 Himilco
1004 506 1129 546 ratuS,
1152 497 1219 537 via
1238 497 1455 552 decipitur.
1519 494 1723 535 Mediter-

342 568 466 594 raneo
488 569 668 608 namque
692 553 858 594 Poenus
886 554 1033 595 itinere
1055 554 1202 600 duxit3
1235 553 1344 609 legio
1366 552 1582 593 maritimis
1609 551 1722 600 locis,

342 610 468 651 classe
485 620 776 666 prosequente,
794 611 846 651 ad
869 613 951 666 Ap.
971 611 1211 660 Claudium,
1231 611 1477 666 Pachynum
1495 624 1590 650 cum
1606 618 1722 663 parte

341 668 552 723 copiarum
571 669 732 708 obviam
748 683 1023 723 progressum,
1041 669 1242 724 pervenit.
1307 667 1399 708 Nec
1417 667 1573 707 diutius
1591 665 1724 706 Poeni

342 724 394 765 ad
414 724 635 781 Syracusas
652 725 798 765 morati
815 734 921 766 sunt.
977 725 1032 766 Et
1050 725 1270 774 Bomilcar,
1289 724 1411 765 simul
1427 739 1571 779 parum
1589 723 1723 763 fidens

341 782 513 822 navibus
534 782 629 830 suis,
652 782 809 837 duplici
830 782 948 823 facile
970 797 1145 823 numero
1166 783 1337 823 classem
1360 781 1607 822 habentibus
1636 780 1723 820 Ro-
1738 793 1754 813 2

342 839 485 887 manis,
509 839 630 879 simul
652 839 790 879 inutili
819 855 934 880 mora
954 854 1129 880 cernens
1159 839 1264 879 nihil
1285 839 1399 880 aliud
1420 839 1470 879 ab
1492 838 1576 878 suis
1597 852 1723 892 quam

341 895 524 951 inopiam
546 897 755 951 aggravari
773 897 990 945 sociorum,
1008 896 1109 937 velis
1126 897 1169 936 in
1191 897 1320 937 altum
1337 896 1456 944 datis,
1475 896 1518 935 in
1538 895 1723 935 Africam

342 953 587 993 transmisit:
632 962 673 993 et
714 953 912 1003 Himilco,
947 964 1112 994 secutus
1152 954 1433 1009 nequicquam
1475 951 1723 992 BIarcellum

344 1008 577 1064 Syracusas,
607 1010 640 1050 si
665 1025 759 1064 qua,
788 1011 1029 1066 priusquam
1058 1011 1281 1051 maioribus
1306 1010 1435 1066 copiis
1466 1010 1721 1064 iungeretur,

342 1067 500 1106 occasio
546 1067 761 1121 pugnandi
802 1077 922 1116 esset,
964 1077 1184 1122 postquam
1226 1083 1275 1108 ea
1323 1067 1439 1107 nulla
1479 1066 1721 1121 contigerat,

343 1132 562 1178 tutumque
593 1124 645 1163 ad
682 1124 901 1179 Syracusas
932 1137 974 1164 et
1007 1125 1268 1164 munimento
1301 1134 1342 1164 et
1375 1124 1528 1163 viribus
1560 1123 1722 1163 hostem

341 1181 548 1228 cernebat,
583 1196 635 1220 ne
668 1181 818 1220 frustra
850 1181 1070 1221 assidendo
1110 1181 1420 1236 spectandoque
1462 1180 1723 1220 obsidionem

341 1237 545 1277 sociorum
568 1246 732 1292 tempus
754 1247 917 1286 tereret,
940 1247 1072 1278 castra
1093 1238 1189 1278 iude
1212 1238 1359 1284 movit3
1393 1246 1451 1285 ut,
1470 1251 1722 1292 quocunque

339 1303 522 1335 vocasset
543 1294 787 1335 defectionis
809 1295 859 1335 ab
880 1295 1080 1335 Romanis
1101 1310 1205 1350 spes,
1221 1295 1461 1335 admoveret
1477 1294 1721 1342 exercitum,

340 1367 387 1392 ac
409 1367 601 1406 praesens
622 1367 714 1392 suas
743 1367 805 1392 res
826 1352 1062 1392 foventibus
1090 1352 1262 1392 adderet
1287 1352 1457 1392 animos.
1520 1350 1723 1406 Murgan-

341 1408 440 1448 tiam
468 1409 660 1464 primum,
684 1409 848 1464 prodito
870 1410 920 1449 ab
946 1410 1042 1464 ipsis
1070 1409 1275 1465 praesidio
1306 1409 1510 1457 Romano,
1540 1408 1753 1463 recepit33

342 1466 412 1506 ubi
434 1466 632 1506 frumenti
663 1482 811 1521 magna
836 1467 895 1506 vis
917 1477 1256 1522 commeatusque
1279 1466 1412 1507 omnis
1440 1465 1602 1521 generis
1623 1478 1754 1505 con-4

341 1523 448 1563 vecti
471 1532 587 1563 erant
611 1523 822 1563 Romanis.

399 1579 470 1619 Ad
495 1580 602 1620 hanc
631 1580 908 1620 defectionem
938 1581 1064 1621 erecti
1093 1590 1189 1621 sunt
1221 1590 1260 1621 ct
1288 1581 1459 1621 aliarum
1488 1580 1720 1621 civitatium

340 1637 492 1677 animi:
527 1637 813 1692 praesidiaque
846 1637 1036 1678 Romana
1060 1647 1129 1678 aut
1159 1638 1420 1693 pellclmutur
1448 1638 1621 1685 arcibus,
1651 1646 1722 1677 aut

339 1694 504 1749 prodita
524 1709 599 1749 per
619 1694 806 1734 fraudem
836 1695 1186 1749 opprimebantur.
1252 1695 1418 1743 Henna,
1442 1695 1605 1735 excelso
1632 1694 1722 1734 loco

341 1766 387 1791 ac
409 1761 630 1806 praerupto
661 1751 845 1806 undique
875 1753 964 1798 sita,
987 1767 1116 1806 quum
1143 1752 1232 1792 loco
1255 1752 1589 1806 inexpugnabilis
1620 1760 1719 1799 erat,

342 1817 430 1848 tum
461 1808 712 1863 praesidium
745 1809 786 1848 in
818 1824 909 1848 arce
938 1809 1134 1856 validum,
1158 1805 1496 1864 praefectumque
1526 1808 1720 1863 praesidii

342 1865 453 1905 haud
475 1881 570 1906 sane
594 1874 873 1921 opportunum
896 1866 1187 1906 insidiantibus
1208 1866 1396 1906 habebat.
1460 1866 1508 1906 L.
1530 1864 1720 1905 Pinarius
1734 1877 1750 1907 5

341 1931 427 1962 erat
448 1923 509 1962 vir
536 1938 640 1971 acer,
668 1931 710 1962 et
738 1923 810 1977 qui
831 1923 923 1978 plus
952 1923 993 1962 in
1016 1938 1078 1972 eo,
1102 1939 1153 1963 ne
1186 1932 1323 1978 posset
1350 1922 1499 1978 decipi,
1523 1937 1648 1977 quam
1676 1922 1719 1961 iu

340 1980 423 2020 fide
468 1979 713 2028 Siculorum,
749 1989 994 2034 reponeret:
1035 1990 1076 2020 et
1112 1989 1200 2020 tum
1237 1980 1502 2020 intenderant
1538 1994 1633 2019 eum
1667 1979 1719 2019 ad

340 2037 512 2077 cavendi
531 2037 670 2077 omnia
687 2052 826 2076 curam
851 2046 911 2077 tot
927 2037 1091 2077 auditae
1109 2037 1364 2092 proditiones
1381 2037 1718 2091 defectionesque

340 2094 517 2142 urbium,
541 2102 581 2134 et
598 2093 734 2134 clades
756 2094 1066 2149 praesidiorum.
1130 2094 1276 2149 Itaque
1294 2103 1416 2134 nocte
1434 2094 1586 2149 dieque
1604 2093 1720 2133 iuxta

339 2160 481 2205 parata
512 2151 794 2206 instructaque
821 2151 961 2191 omnia.
991 2151 1187 2192 custodiis
1213 2167 1258 2191 ae
1287 2151 1436 2205 wgiliis
1467 2160 1606 2191 erant:
1640 2165 1717 2190 nec

338 2208 388 2248 ab
410 2208 533 2247 armis
563 2217 632 2248 aut
655 2208 744 2248 loco
773 2223 847 2248 suo
870 2208 986 2247 miles
1014 2208 1271 2248 abscedebat.
1338 2208 1465 2255 Quod
1494 2207 1563 2247 ubi
1599 2206 1718 2247 Hen-

339 2265 530 2305 nensium
552 2265 771 2319 principes,
795 2265 875 2304 iam
898 2265 1006 2319 pacti
1027 2279 1122 2305 cum
1147 2264 1385 2305 Himilcone
1408 2264 1459 2304 de
1481 2264 1715 2319 proditione

338 2322 544 2377 praesidii,
559 2322 953 2370 animadverterunt,
968 2321 1072 2362 nulli
1086 2321 1290 2362 occasioni
1306 2321 1460 2362 fraudis
1478 2321 1716 2362 Romanum

337 2481 369 2506 ets
392 2477 545 2507 minorem
571 2483 697 2515 portum
714 2477 890 2516 Syracusae
908 2477 1002 2506 habe-
1090 2488 1107 2514 4
1133 2477 1279 2506 Convecli
1296 2482 1389 2507 erant
1402 2478 1569 2514 Romanis]
1594 2476 1715 2515 Displi-

337 2520 424 2555 bant,
456 2520 539 2549 inter
568 2530 646 2558 quos
682 2520 792 2549 Insula
829 2519 890 2549 sita
926 2522 1001 2550 erat.
1048 2522 1097 2548 cet
1124 2519 1226 2548 Fabro
1249 2518 1285 2547 τὸ
1308 2519 1373 2555 ubi,
1397 2520 1451 2549 sed
1475 2519 1638 2549 Drakenb.
1663 2519 1716 2548 de-

338 2561 476 2591 STROTH.
1049 2561 1244 2590 fendendum
1263 2561 1396 2597 videtur,
1412 2561 1533 2600 quippe
1547 2561 1632 2599 quod
1650 2571 1715 2590 ma-

382 2612 397 2631 rz
415 2605 615 2633 IIabenlibus
627 2604 795 2640 Romanis]
810 2603 929 2634 Classis
940 2604 1003 2633 Ro·
1048 2614 1110 2641 gna
1127 2603 1170 2632 vis
1190 2603 1353 2640 frumenti,
1369 2605 1424 2640 ihi,
1442 2614 1483 2633 sc.
1502 2603 1715 2642 Murgantiae,

338 2654 433 2674 mana
457 2650 585 2675 centum
613 2646 741 2675 navium
768 2646 863 2675 fuisse
889 2646 1005 2675 dicitur
1048 2645 1186 2684 reposita
1213 2649 1290 2682 erat,
1317 2646 1348 2675 in
1376 2656 1467 2675 usum
1494 2645 1713 2675 Romanorum

338 2695 422 2723 supr.
435 2694 487 2724 27:
506 2697 602 2725 quare
618 2688 747 2726 triginta
762 2688 1005 2726 quinqueremes
1049 2690 1210 2717 convecta.

338 2730 393 2756 aut
417 2738 488 2765 pars
511 2729 617 2758 classis
637 2730 803 2759 Romanae
827 2734 928 2767 erant,
946 2734 1002 2760 aut
1091 2740 1107 2767 5
1132 2730 1235 2758 Haud
1251 2753 1257 2760 .
1274 2753 1281 2759 .
1299 2753 1305 2760 .
1322 2735 1535 2769 opportunum
1558 2729 1713 2758 insidian-

337 2769 368 2798 in
386 2770 645 2807 supplementum
662 2771 729 2800 eius
744 2771 857 2801 missae
873 2776 956 2802 sunt.
1046 2773 1144 2808 tibus]
1172 2771 1238 2805 Qui
1261 2782 1292 2800 se
1316 2782 1377 2801 non
1402 2771 1494 2801 facile
1518 2770 1711 2808 captandum

382 2820 398 2847 3
423 2812 471 2839 Ab
499 2812 591 2848 ipsis]
628 2822 669 2841 sc.
687 2813 818 2842 Civibus
844 2813 940 2847 urbis,
966 2818 1001 2843 ut
1046 2814 1211 2851 praeberet
1226 2813 1457 2843 insidiantibus.
1503 2812 1554 2842 Sic
1570 2822 1654 2850 supr.
1673 2811 1710 2842 vi.

338 2863 421 2891 supr.
441 2861 488 2891 55.
504 2854 687 2884 dedentibus
702 2855 787 2892 ipsis.
1049 2865 1094 2892 24.
1114 2855 1322 2893 Opportzmus
1337 2855 1507 2893 eruptioni.
1532 2855 1637 2883 (Ἴων.
