1877 3178
381 117 466 156 470

889 113 1035 155 'rITI
1077 115 1252 157 LIVII

182 209 224 239 U.
243 209 279 238 C.
303 216 373 247 547.
386 216 510 243 naves
527 203 862 258 quinqueremes,
879 211 927 243 ut
947 218 999 243 ex
1020 203 1222 258 dignitate
1240 205 1382 260 populi
1406 205 1587 246 Romani
1603 207 1766 247 adirent

181 251 220 280 A.
244 251 281 280 C.
306 258 375 288 205.

184 778 292 809 Datur
307 778 349 808 le—

183 820 264 859 gatis
280 820 373 858 lapis,

184 871 280 899 quam
297 862 366 891 Ma-

183 907 264 932 trem
281 902 375 932 defun

184 946 352 976 vocabant.

183 1214 332 1247 (omitia.

389 274 457 299 eas
488 267 626 308 terras,
659 259 712 299 ad
743 275 844 314 quas
875 259 1135 300 concilianda
1167 262 1356 302 maiestas
1380 262 1540 302 nomini
1573 262 1766 303 Romano

389 324 508 364 esset,
526 315 769 356 decernunt.
832 316 980 371 Legati
998 316 1144 356 Asiam
1160 326 1352 372 petentes
1368 319 1557 373 protinus
1578 318 1766 374 Delphos
1779 330 1797 359 3

390 387 520 428 quum
534 372 828 421 escendissent,
843 372 1055 413 oraculum
1072 373 1276 422 adierunt,
1292 374 1567 423 consulentes,
1587 375 1640 415 ad
1653 375 1767 430 quod

390 429 607 484 negotium
641 429 766 469 domo
799 429 910 469 missi
943 438 1091 478 essent,
1125 431 1370 485 perficiendi
1406 431 1494 471 eius
1529 446 1655 486 quam
1690 431 1768 471 sibi

391 500 507 540 spem
542 485 781 540 populoque
816 486 1009 526 Romano
1044 487 1323 541 portenderet.
1386 487 1651 542 Responsum
1681 502 1767 527 esse

390 542 541 590 ferunt,
566 547 577 564 ‘
592 541 675 582 Per
695 542 887 582 Attalum
917 557 1057 598 regem
1086 552 1298 598 compotes
1326 544 1414 584 eius
1434 543 1533 593 sore,
1557 543 1670 599 quod
1696 558 1770 599 pe-

392 603 404 621 ‘
420 606 567 638 terent.
633 598 777 645 Quum
800 599 979 639 Romam
1001 599 1121 639 deam
1150 599 1425 648 devexissent,
1451 610 1538 640 tum
1563 607 1768 649 curarent,

392 660 403 677 ‘
419 662 466 695 ut
487 669 590 703 eam,
614 655 686 709 qui
707 655 769 694 vir
789 656 969 710 optimus
998 656 1158 696 Romae
1187 664 1304 705 esset,
1327 656 1506 712 hospitio
1535 656 1771 712 exciperet.⁹

391 710 642 765 Pergamum
674 711 726 751 ad
755 726 896 767 regem
923 721 1139 753 venerunt.
1202 712 1242 752 Is
1270 712 1425 767 legatos
1453 713 1626 753 comiter
1655 727 1770 753 acce-

392 774 484 821 ptos
519 767 814 808 Pessinuntem
849 768 893 807 in
934 768 1161 824 Phrygiam
1198 769 1399 810 deduxit:
1443 784 1688 824 sacrumque
1720 769 1771 809 iis

392 823 586 878 lapidem,
609 838 734 878 quam
762 832 934 864 matrem
965 825 1089 865 deum
1118 840 1205 865 esse
1230 825 1389 866 incolae
1416 825 1622 874 dicebant,
1645 825 1803 869 tradi-4

393 879 467 928 dit,
490 895 536 920 ac
557 880 774 934 deportare
798 880 977 920 Romam
998 881 1125 921 iussit.
1188 881 1443 922 Praemissus
1464 883 1515 922 ab
1536 882 1681 937 legatis
1707 881 1768 922 M.

394 935 585 975 Valerius
626 935 744 975 Falto
783 936 1002 985 nuntiavit,
1044 937 1166 977 deam
1205 939 1434 993 apportari:
1484 938 1772 993 quaerendum

391 991 525 1031 virum
547 991 752 1046 optimum
772 992 816 1031 in
841 992 1005 1033 civitate
1027 1007 1127 1042 esse,
1151 994 1223 1049 qui
1245 1009 1336 1034 eam
1356 995 1433 1035 rite
1458 995 1637 1049 hospitio
1659 994 1802 1037 cxci-5

390 1056 518 1102 peret.

452 1104 504 1151 Q.
527 1103 735 1145 Caecilius
756 1104 956 1145 Bletellus
977 1105 1153 1146 dictator
1174 1107 1224 1146 ab
1245 1106 1413 1147 consule
1435 1107 1479 1146 in
1509 1106 1683 1147 Bruttiis
1704 1122 1773 1148 co-

391 1160 600 1200 mitiorum
619 1176 740 1201 causa
755 1161 902 1210 dictus,
921 1162 1209 1218 exercitusque
1227 1164 1316 1204 eius
1332 1163 1545 1203 dimissus:
1579 1163 1774 1218 magister

391 1217 579 1271 equitum
598 1217 647 1257 L.
664 1217 863 1258 Veturius
877 1218 1012 1258 Philo.
1078 1219 1262 1259 Comitia
1275 1235 1349 1275 per
1362 1219 1605 1260 dictatorem
1618 1219 1769 1260 habita..

394 1272 600 1313 Consules
620 1273 717 1314 sacti
746 1273 808 1314 M.
831 1274 1052 1315 Cornelius
1077 1274 1304 1330 Cethegus,
1328 1276 1374 1316 P.
1394 1276 1663 1331 Sempronius
1684 1276 1773 1317 Tu-

390 1329 556 1369 ditanus
573 1330 732 1379 absens,
750 1346 880 1385 quum
897 1331 1152 1386 provinciam
1172 1332 1389 1373 Graeciam
1405 1332 1588 1373 haberet.
1647 1332 1773 1373 Prae·
1785 1339 1805 1371 6

391 1394 499 1426 tores
520 1386 617 1426 inde
644 1387 784 1436 creati,
808 1387 873 1427 Ti.
894 1387 1097 1428 Claudius
1120 1388 1249 1438 Nero,
1274 1388 1335 1429 M.
1356 1389 1540 1429 Marcius
1563 1389 1696 1438 Ralla,
1721 1389 1770 1430 L.

395 1442 634 1483 Scribonius
652 1442 772 1492 Libo,
792 1443 853 1483 M.
870 1443 1128 1499 Pomponius
1146 1444 1307 1486 Matho.

392 1498 568 1539 dictator
588 1514 675 1539 sese
698 1499 939 1554 magistratu
960 1501 1176 1541 abdicavit.

448 1555 561 1594 Ludi
597 1555 780 1597 Romani
818 1565 892 1606 ter,
924 1556 1078 1612 plebeii
1114 1558 1265 1613 septies
1301 1558 1527 1598 instaurati.
1593 1558 1772 1599 Curules

391 1619 509 1650 erant
536 1611 689 1651 aediles
717 1611 796 1652 Cn.
821 1621 861 1652 et
894 1613 942 1653 L.
966 1613 1153 1654 Cornelii
1185 1614 1368 1654 Lentuli.
1431 1615 1587 1655 Lucius
1619 1614 1773 1670 Hispa-

391 1666 503 1706 niam
524 1667 778 1721 provinciam
800 1668 999 1709 habebat:
1033 1670 1179 1710 absens
1207 1680 1379 1719 creatus,
1403 1672 1549 1711 absens
1577 1686 1672 1711 eum
1697 1671 1772 1712 ho-

391 1737 535 1762 norem
563 1723 699 1777 gessit.
763 1723 828 1763 Ti.
851 1723 1053 1765 Claudius
1083 1726 1249 1766 Asellus
1277 1736 1318 1767 et
1344 1727 1405 1767 M.
1425 1727 1571 1767 Iunius
1601 1727 1773 1768 Pennus

391 1778 544 1833 plebeii
560 1779 713 1819 aediles
729 1779 908 1820 fuerunt.
973 1781 1138 1821 Aedem
1156 1782 1332 1822 Virtutis
1349 1798 1398 1823 eo
1415 1798 1524 1823 anno
1542 1783 1593 1823 ad
1610 1792 1771 1838 portam

396 1834 611 1889 Capenam
649 1834 710 1875 M.
731 1835 956 1876 Marcellus
989 1837 1209 1886 dedicavit,
1243 1839 1418 1893 septimo
1458 1839 1620 1879 decimo
1661 1854 1771 1880 anno

392 1900 612 1946 postquam
643 1906 667 1931 a
690 1900 807 1946 patre
836 1892 924 1932 eius
954 1893 1088 1947 primo
1114 1894 1331 1934 consulatu
1355 1903 1451 1935 vota
1475 1895 1519 1934 in
1551 1894 1689 1936 Gallia
1719 1895 1772 1936 ad

397 1945 647 1987 Clastidium
672 1948 818 1988 fuerat.
883 1948 937 1988 Et
958 1949 1111 1990 flamen
1140 1950 1343 1991 Martialis
1364 1966 1413 1991 eo
1442 1966 1551 1992 anno
1573 1960 1635 1992 est
1663 1966 1771 1993 mor-

394 2012 489 2043 tuus
511 2002 573 2044 M.
593 2003 801 2044 Aemilius
824 2002 1023 2060 Regillus.

1373 1445 1566 1486 Comitiis
1581 1446 1771 1501 peractis,

1787 1961 1802 1993 xl

437 2157 453 2185 3
478 2150 651 2186 Protinus]
690 2149 765 2179 Uno
794 2150 915 2180 itineris
941 2156 1059 2181 tenore.
1103 2153 1219 2183 Iovem.
1244 2153 1347 2183 CREv.

395 2190 503 2219 Asiam
526 2191 717 2228 petentibus,
735 2191 883 2229 Delphos
898 2192 985 2222 adire
1005 2203 1059 2232 pa-

394 2241 462 2260 rum
480 2231 610 2269 longum
627 2237 680 2261 aut
698 2233 825 2262 devium
843 2237 898 2263 est.
923 2235 1028 2265 CREv.

437 2284 455 2308 4
478 2274 641 2311 Lapidem,
665 2285 760 2313 quam
790 2280 919 2305 matrem
950 2276 1057 2313 deum]

396 2314 492 2343 Hane
520 2315 670 2353 loquendi
698 2316 841 2353 figuram,
867 2326 930 2354 qua
955 2318 1059 2347 relati-

396 2366 468 2385 vum
489 2356 612 2386 duobus
634 2357 815 2387 nominibus
838 2357 1059 2397 interpositum

395 2398 538 2436 sequenti
564 2398 776 2437 coniungitur,
797 2399 933 2429 editores
958 2411 1060 2430 corru-

396 2443 518 2477 perant,
535 2444 566 2469 et
587 2440 739 2470 dederant
755 2452 843 2480 quem
857 2455 866 2471 .-
897 2442 962 2472 Iac.
981 2442 1060 2472 Gro-

394 2482 506 2511 novius
529 2481 701 2511 vindicavit
726 2492 765 2512 ex
789 2483 910 2520 aliquot
935 2484 1060 2522 scriptis

394 2523 443 2551 vel
467 2522 606 2561 optimis,
625 2524 698 2554 Put.
715 2524 898 2563 Cantabrig.
914 2525 1059 2563 aliisque,

394 2564 508 2602 quibus
524 2568 555 2594 et
575 2565 678 2603 regius
700 2569 806 2595 noster
828 2567 961 2597 accedit.
1007 2568 1058 2597 Sic

394 2610 423 2634 et
449 2616 534 2644 supr.
559 2606 645 2637 xxiv.
669 2617 718 2645 4²-
744 2608 857 2637 moniti
881 2609 921 2637 ab
946 2609 1058 2638 eodem

398 2647 451 2676 lac
488 2648 650 2678 Gronovio
675 2649 870 2679 restituimus
898 2652 1061 2689 oppidum,

394 2698 474 2725 quae
495 2700 592 2719 eausa
612 2690 683 2720 belle·
704 2696 801 2721 esset:
826 2701 923 2729 quum
942 2693 1060 2731 vulgati

394 2728 545 2759 haberent
573 2733 663 2769 quod.
710 2732 761 2762 Sic
792 2736 821 2762 et
852 2732 933 2762 illud
963 2734 1060 2763 Ennii

394 2771 479 2806 apud
497 2770 639 2809 Festum,
655 2776 686 2802 et
703 2773 770 2803 Cic.
788 2776 904 2813 Aspice
919 2776 975 2805 hoc
989 2777 1059 2805 svb-

394 2811 466 2840 lime
492 2813 640 2849 candens,
664 2825 752 2852 quem
780 2817 931 2846 invocant
957 2828 1060 2847 omnes

1148 2204 1164 2232 5
1189 2196 1337 2233 Hospitio
1360 2194 1533 2233 arriperet]
1562 2195 1638 2224 Non
1663 2198 1770 2225 tamen

1106 2236 1199 2265 deam
1220 2236 1341 2265 Nasica
1361 2236 1492 2265 domum
1513 2247 1602 2266 suam
1625 2237 1769 2276 deporta—

1106 2277 1161 2311 vit,
1186 2281 1221 2307 ut
1246 2281 1379 2316 apparet
1403 2277 1473 2308 infr.
1502 2287 1547 2316 14.
1569 2278 1663 2308 huius
1688 2278 1769 2309 libri.

1106 2319 1234 2357 Itaque,
1250 2320 1274 2348 si
1296 2319 1354 2348 sibi
1372 2319 1498 2350 Livium
1523 2324 1666 2349 constare
1683 2321 1769 2350 volu-

1105 2371 1186 2397 mus,
1223 2362 1356 2399 hospilio
1392 2362 1547 2400 eoecipere,
1584 2362 1769 2400 interpreta-

1104 2402 1209 2431 bimur
1239 2403 1364 2432 obviam
1395 2403 1440 2432 ire
1464 2403 1586 2432 numini
1616 2406 1769 2441 tanquam

1105 2444 1276 2482 hospitem,
1292 2448 1323 2474 et
1344 2444 1425 2474 illud
1446 2445 1597 2483 hospitali
1615 2454 1714 2474 manu
1730 2445 1769 2475 de

1103 2495 1183 2515 nave
1198 2486 1352 2524 accipere.
1376 2487 1481 2516 CREv.

1146 2526 1165 2557 6
1189 2529 1294 2563 Quum
1311 2529 1510 2566 provinciam
1530 2529 1698 2558 Graeciam
1713 2528 1768 2558 Ῐια-

1103 2568 1204 2607 heret]
1234 2569 1354 2599 Missus
1376 2569 1414 2598 P.
1432 2569 1575 2608 Sulpicio
1598 2579 1768 2606 successor,

1103 2614 1138 2639 ut
1154 2621 1192 2640 ex
1210 2621 1279 2649 cap.
1296 2621 1359 2649 seq.
1377 2614 1475 2649 patet.

1151 2660 1166 2690 7
1189 2654 1322 2682 Flamen
1338 2654 1507 2683 sslartialis
1523 2675 1530 2683 .
1548 2676 1555 2683 .
1573 2676 1580 2683 .
1599 2653 1650 2683 M.
1662 2653 1767 2683 Aemi-

1106 2694 1168 2723 lius
1192 2694 1353 2732 Reyillus]
1398 2694 1490 2732 Supr.
1517 2694 1603 2724 xxiv.
1630 2701 1656 2732 7.
1681 2697 1713 2723 et
1737 2694 1765 2723 8.

1104 2736 1286 2773 appellatus
1309 2740 1356 2765 est
1377 2736 1423 2766 M.
1442 2736 1599 2766 Aemilius
1620 2734 1767 2773 Regillus

1105 2776 1240 2806 Flamen
1276 2777 1464 2813 Quirinalis,
1495 2787 1550 2816 spe
1587 2774 1767 2806 consulatus

1105 2818 1246 2848 deiectus
1262 2828 1278 2848 a
1298 2818 1406 2848 Fabio.
1448 2819 1565 2849 Utrum
1582 2817 1634 2847 hic
1649 2817 1765 2847 flamen
