<?xml version="1.0" encoding="UTF-8"?>
<!DOCTYPE html PUBLIC "-//W3C//DTD XHTML 1.0 Transitional//EN"
    "http://www.w3.org/TR/xhtml1/DTD/xhtml1-transitional.dtd">
<html xmlns="http://www.w3.org/1999/xhtml" xml:lang="en" lang="en">
 <head>
  <title>
</title>
<meta http-equiv="Content-Type" content="text/html;charset=utf-8" />
  <meta name='ocr-system' content='tesseract 3.04.00' />
  <meta name='ocr-capabilities' content='ocr_page ocr_carea ocr_par ocr_line ocrx_word'/>
</head>
<body>
  <div class='ocr_page' id='page_1' title='image "./historiarumaburb02livyuoft_0168.png"; bbox 0 0 1877 3178; ppageno 0'>
   <div class='ocr_carea' id='block_1_1' title="bbox 161 179 356 260">
    <p class='ocr_par' dir='ltr' id='par_1_1' title="bbox 161 179 356 260">
     <span class='ocr_line' id='line_1_1' title="bbox 164 179 356 218; baseline 0 -9"><span class='ocrx_word' id='word_1_1' title='bbox 164 179 205 210; x_wconf 88' lang='lat' dir='ltr'>U.</span> <span class='ocrx_word' id='word_1_2' title='bbox 224 179 261 209; x_wconf 90' lang='lat' dir='ltr'>C.</span> <span class='ocrx_word' id='word_1_3' title='bbox 285 186 356 218; x_wconf 79' lang='lat'>537.</span> 
     </span>
     <span class='ocr_line' id='line_1_2' title="bbox 161 222 356 260; baseline 0 -9"><span class='ocrx_word' id='word_1_4' title='bbox 161 222 199 252; x_wconf 84' lang='lat' dir='ltr'>A.</span> <span class='ocrx_word' id='word_1_5' title='bbox 224 222 261 252; x_wconf 89' lang='lat' dir='ltr'>C.</span> <span class='ocrx_word' id='word_1_6' title='bbox 285 230 356 260; x_wconf 75' lang='lat'>215.</span> 
     </span>
    </p>
   </div>
   <div class='ocr_carea' id='block_1_2' title="bbox 161 294 350 375">
    <p class='ocr_par' dir='ltr' id='par_1_2' title="bbox 161 294 350 375">
     <span class='ocr_line' id='line_1_3' title="bbox 164 294 350 324; baseline 0 -1"><span class='ocrx_word' id='word_1_7' title='bbox 164 295 292 324; x_wconf 80' lang='lat' dir='ltr'>Foedus</span> <span class='ocrx_word' id='word_1_8' title='bbox 305 294 350 324; x_wconf 90' lang='lat' dir='ltr'>in-</span> 
     </span>
     <span class='ocr_line' id='line_1_4' title="bbox 161 336 349 375; baseline 0 -10"><span class='ocrx_word' id='word_1_9' title='bbox 161 340 209 366; x_wconf 84' lang='lat' dir='ltr'>ter</span> <span class='ocrx_word' id='word_1_10' title='bbox 227 336 349 375; x_wconf 82' lang='lat' dir='ltr'>Philip-</span> 
     </span>
    </p>
   </div>
   <div class='ocr_carea' id='block_1_3' title="bbox 162 383 329 492">
    <p class='ocr_par' dir='ltr' id='par_1_3' title="bbox 162 383 329 492">
     <span class='ocr_line' id='line_1_5' title="bbox 162 383 288 417; baseline 0.008 -10"><span class='ocrx_word' id='word_1_11' title='bbox 162 389 238 417; x_wconf 81' lang='lat' dir='ltr'>pum</span> <span class='ocrx_word' id='word_1_12' title='bbox 257 383 288 408; x_wconf 84' lang='lat' dir='ltr'>et</span> 
     </span>
     <span class='ocr_line' id='line_1_6' title="bbox 163 421 329 450; baseline 0 0"><span class='ocrx_word' id='word_1_13' title='bbox 163 421 329 450; x_wconf 77' lang='lat' dir='ltr'>Hanniba-</span> 
     </span>
     <span class='ocr_line' id='line_1_7' title="bbox 163 464 235 492; baseline 0.014 -1"><span class='ocrx_word' id='word_1_14' title='bbox 163 464 235 492; x_wconf 80' lang='lat' dir='ltr'>lem.</span> 
     </span>
    </p>
   </div>
   <div class='ocr_carea' id='block_1_4' title="bbox 148 854 346 1071">
    <p class='ocr_par' dir='ltr' id='par_1_4' title="bbox 164 854 346 979">
     <span class='ocr_line' id='line_1_8' title="bbox 227 854 293 890; baseline 0 0"><span class='ocrx_word' id='word_1_15' title='bbox 227 854 293 890; x_wconf 77' lang='lat'>34.</span> 
     </span>
     <span class='ocr_line' id='line_1_9' title="bbox 165 907 276 946; baseline -0.009 -9"><span class='ocrx_word' id='word_1_16' title='bbox 165 907 276 946; x_wconf 61' lang='lat' dir='ltr'>IAQgilti</span> 
     </span>
     <span class='ocr_line' id='line_1_10' title="bbox 164 950 346 979; baseline 0 0"><span class='ocrx_word' id='word_1_17' title='bbox 164 950 346 979; x_wconf 73' lang='lat' dir='ltr'>Poenorum</span> 
     </span>
    </p>

    <p class='ocr_par' dir='ltr' id='par_1_5' title="bbox 148 992 345 1071">
     <span class='ocr_line' id='line_1_11' title="bbox 148 992 345 1031; baseline 0.005 -11"><span class='ocrx_word' id='word_1_18' title='bbox 148 992 203 1026; x_wconf 66' lang='lat' dir='ltr'>vad</span> <span class='ocrx_word' id='word_1_19' title='bbox 225 992 345 1031; x_wconf 72' lang='lat' dir='ltr'>Philip-</span> 
     </span>
     <span class='ocr_line' id='line_1_12' title="bbox 166 1043 252 1071; baseline 0.023 -10"><span class='ocrx_word' id='word_1_20' title='bbox 166 1043 252 1071; x_wconf 86' lang='lat' dir='ltr'>pum.</span> 
     </span>
    </p>
   </div>
   <div class='ocr_carea' id='block_1_5' title="bbox 369 80 1239 125">
    <p class='ocr_par' dir='ltr' id='par_1_6' title="bbox 369 80 1239 125">
     <span class='ocr_line' id='line_1_13' title="bbox 369 80 1239 125; baseline -0.003 -1"><span class='ocrx_word' id='word_1_21' title='bbox 369 87 447 125; x_wconf 88' lang='lat'>158</span> <span class='ocrx_word' id='word_1_22' title='bbox 872 82 1019 124; x_wconf 81' lang='grc' dir='ltr'><strong>ΤῙΤΙ</strong></span> <span class='ocrx_word' id='word_1_23' title='bbox 1062 80 1239 122; x_wconf 91' lang='lat' dir='ltr'>LIVII</span> 
     </span>
    </p>
   </div>
   <div class='ocr_carea' id='block_1_6' title="bbox 369 169 1792 2214">
    <p class='ocr_par' dir='ltr' id='par_1_7' title="bbox 369 169 1784 839">
     <span class='ocr_line' id='line_1_14' title="bbox 373 169 1752 229; baseline -0.003 -16"><span class='ocrx_word' id='word_1_24' title='bbox 373 172 661 229; x_wconf 85' lang='lat' dir='ltr'>Campaniam,</span> <span class='ocrx_word' id='word_1_25' title='bbox 684 172 796 222; x_wconf 88' lang='lat' dir='ltr'>inde,</span> <span class='ocrx_word' id='word_1_26' title='bbox 820 188 903 228; x_wconf 86' lang='lat' dir='ltr'>qua</span> <span class='ocrx_word' id='word_1_27' title='bbox 923 172 1159 228; x_wconf 81' lang='lat' dir='ltr'>proximum</span> <span class='ocrx_word' id='word_1_28' title='bbox 1180 171 1271 219; x_wconf 81' lang='lat' dir='ltr'>fuit,</span> <span class='ocrx_word' id='word_1_29' title='bbox 1286 170 1328 210; x_wconf 91' lang='lat' dir='ltr'>in</span> <span class='ocrx_word' id='word_1_30' title='bbox 1351 179 1481 210; x_wconf 86' lang='lat' dir='ltr'>castra</span> <span class='ocrx_word' id='word_1_31' title='bbox 1505 169 1752 210; x_wconf 81' lang='lat' dir='ltr'>Hannibalis</span> 
     </span>
     <span class='ocr_line' id='line_1_15' title="bbox 370 227 1753 285; baseline -0.002 -15"><span class='ocrx_word' id='word_1_32' title='bbox 370 230 571 285; x_wconf 86' lang='lat' dir='ltr'>pervenit,</span> <span class='ocrx_word' id='word_1_33' title='bbox 595 229 821 285; x_wconf 86' lang='lat' dir='ltr'>foedusque</span> <span class='ocrx_word' id='word_1_34' title='bbox 846 245 941 270; x_wconf 92' lang='lat' dir='ltr'>cum</span> <span class='ocrx_word' id='word_1_35' title='bbox 963 245 1012 270; x_wconf 88' lang='lat' dir='ltr'>eo</span> <span class='ocrx_word' id='word_1_36' title='bbox 1044 238 1167 283; x_wconf 85' lang='lat' dir='ltr'>atque</span> <span class='ocrx_word' id='word_1_37' title='bbox 1190 227 1413 269; x_wconf 79' lang='lat' dir='ltr'>amicitiam</span> <span class='ocrx_word' id='word_1_38' title='bbox 1435 227 1573 267; x_wconf 85' lang='lat' dir='ltr'>iunxit</span> <span class='ocrx_word' id='word_1_39' title='bbox 1593 227 1753 282; x_wconf 81' lang='lat' dir='ltr'>legibus</span> 
     </span>
     <span class='ocr_line' id='line_1_16' title="bbox 369 283 1753 342; baseline -0.003 -15"><span class='ocrx_word' id='word_1_40' title='bbox 369 287 456 327; x_wconf 92' lang='lat' dir='ltr'>his:</span> <span class='ocrx_word' id='word_1_41' title='bbox 493 293 503 310; x_wconf 85' lang='lat'>‘</span> <span class='ocrx_word' id='word_1_42' title='bbox 518 296 563 327; x_wconf 91' lang='lat' dir='ltr'>ut</span> <span class='ocrx_word' id='word_1_43' title='bbox 579 286 798 342; x_wconf 82' lang='lat' dir='ltr'>Philippus</span> <span class='ocrx_word' id='word_1_44' title='bbox 814 302 887 327; x_wconf 80' lang='lat' dir='ltr'>rex</span> <span class='ocrx_word' id='word_1_45' title='bbox 902 301 1027 341; x_wconf 87' lang='lat' dir='ltr'>quam</span> <span class='ocrx_word' id='word_1_46' title='bbox 1045 285 1226 325; x_wconf 83' lang='lat' dir='ltr'>maxima</span> <span class='ocrx_word' id='word_1_47' title='bbox 1241 283 1366 324; x_wconf 87' lang='lat' dir='ltr'>classe</span> <span class='ocrx_word' id='word_1_48' title='bbox 1381 284 1600 338; x_wconf 86' lang='lat' dir='ltr'>(ducentas</span> <span class='ocrx_word' id='word_1_49' title='bbox 1613 294 1753 324; x_wconf 86' lang='lat' dir='ltr'>autem</span> 
     </span>
     <span class='ocr_line' id='line_1_17' title="bbox 373 340 1754 396; baseline -0.003 -12"><span class='ocrx_word' id='word_1_50' title='bbox 373 349 385 367; x_wconf 84' lang='lat'>‘</span> <span class='ocrx_word' id='word_1_51' title='bbox 401 359 525 384; x_wconf 87' lang='lat' dir='ltr'>naves</span> <span class='ocrx_word' id='word_1_52' title='bbox 539 344 757 384; x_wconf 84' lang='lat' dir='ltr'>videbatur</span> <span class='ocrx_word' id='word_1_53' title='bbox 778 342 1019 396; x_wconf 80' lang='lat' dir='ltr'>effecturus)</span> <span class='ocrx_word' id='word_1_54' title='bbox 1032 343 1075 382; x_wconf 90' lang='lat' dir='ltr'>in</span> <span class='ocrx_word' id='word_1_55' title='bbox 1099 341 1261 382; x_wconf 86' lang='lat' dir='ltr'>Italiam</span> <span class='ocrx_word' id='word_1_56' title='bbox 1284 340 1502 389; x_wconf 89' lang='lat' dir='ltr'>traiiceret,</span> <span class='ocrx_word' id='word_1_57' title='bbox 1517 349 1560 380; x_wconf 86' lang='lat' dir='ltr'>et</span> <span class='ocrx_word' id='word_1_58' title='bbox 1575 348 1754 381; x_wconf 82' lang='lat' dir='ltr'>vastaret</span> 
     </span>
     <span class='ocr_line' id='line_1_18' title="bbox 373 397 1753 454; baseline -0.004 -13"><span class='ocrx_word' id='word_1_59' title='bbox 373 401 647 441; x_wconf 85' lang='lat' dir='ltr'>‘maritimam</span> <span class='ocrx_word' id='word_1_60' title='bbox 680 416 816 441; x_wconf 89' lang='lat' dir='ltr'>oram:</span> <span class='ocrx_word' id='word_1_61' title='bbox 861 400 1018 440; x_wconf 89' lang='lat' dir='ltr'>bellum</span> <span class='ocrx_word' id='word_1_62' title='bbox 1054 414 1129 454; x_wconf 90' lang='lat' dir='ltr'>pro</span> <span class='ocrx_word' id='word_1_63' title='bbox 1165 406 1280 453; x_wconf 86' lang='lat' dir='ltr'>parte</span> <span class='ocrx_word' id='word_1_64' title='bbox 1316 413 1389 437; x_wconf 89' lang='lat' dir='ltr'>sua</span> <span class='ocrx_word' id='word_1_65' title='bbox 1424 406 1532 437; x_wconf 86' lang='lat' dir='ltr'>terra</span> <span class='ocrx_word' id='word_1_66' title='bbox 1566 397 1753 452; x_wconf 88' lang='lat' dir='ltr'>marique</span> 
     </span>
     <span class='ocr_line' id='line_1_19' title="bbox 373 454 1753 512; baseline -0.004 -14"><span class='ocrx_word' id='word_1_67' title='bbox 373 463 384 481; x_wconf 75' lang='lat'><strong><em>⁶</em></strong></span> <span class='ocrx_word' id='word_1_68' title='bbox 399 466 572 512; x_wconf 77' lang='lat' dir='ltr'>gereret.</span> <span class='ocrx_word' id='word_1_69' title='bbox 637 457 723 497; x_wconf 89' lang='lat' dir='ltr'>Ubi</span> <span class='ocrx_word' id='word_1_70' title='bbox 736 457 989 497; x_wconf 85' lang='lat' dir='ltr'>debellatum</span> <span class='ocrx_word' id='word_1_71' title='bbox 1011 466 1130 504; x_wconf 87' lang='lat' dir='ltr'>esset,</span> <span class='ocrx_word' id='word_1_72' title='bbox 1149 455 1269 495; x_wconf 83' lang='lat' dir='ltr'>Italia</span> <span class='ocrx_word' id='word_1_73' title='bbox 1285 454 1419 495; x_wconf 89' lang='lat' dir='ltr'>omnis</span> <span class='ocrx_word' id='word_1_74' title='bbox 1441 469 1535 494; x_wconf 89' lang='lat' dir='ltr'>cum</span> <span class='ocrx_word' id='word_1_75' title='bbox 1552 454 1640 509; x_wconf 88' lang='lat' dir='ltr'>ipsa</span> <span class='ocrx_word' id='word_1_76' title='bbox 1652 454 1753 494; x_wconf 86' lang='lat' dir='ltr'>urbe</span> 
     </span>
     <span class='ocr_line' id='line_1_20' title="bbox 375 510 1754 568; baseline -0.003 -14"><span class='ocrx_word' id='word_1_77' title='bbox 375 520 385 538; x_wconf 74' lang='lat'><strong><em>⁶</em></strong></span> <span class='ocrx_word' id='word_1_78' title='bbox 404 515 541 554; x_wconf 84' lang='lat' dir='ltr'>Roma</span> <span class='ocrx_word' id='word_1_79' title='bbox 569 514 980 568; x_wconf 77' lang='lat' dir='ltr'>Carthaginiensium</span> <span class='ocrx_word' id='word_1_80' title='bbox 1012 521 1137 567; x_wconf 87' lang='lat' dir='ltr'>atque</span> <span class='ocrx_word' id='word_1_81' title='bbox 1169 511 1418 552; x_wconf 81' lang='lat' dir='ltr'>Hannibalis</span> <span class='ocrx_word' id='word_1_82' title='bbox 1439 519 1559 560; x_wconf 88' lang='lat' dir='ltr'>esset,</span> <span class='ocrx_word' id='word_1_83' title='bbox 1582 510 1754 566; x_wconf 88' lang='lat' dir='ltr'>praeda-</span> 
     </span>
     <span class='ocr_line' id='line_1_21' title="bbox 374 567 1755 626; baseline -0.004 -15"><span class='ocrx_word' id='word_1_84' title='bbox 374 577 384 594; x_wconf 83' lang='lat'>‘</span> <span class='ocrx_word' id='word_1_85' title='bbox 401 587 481 626; x_wconf 82' lang='lat' dir='ltr'>que</span> <span class='ocrx_word' id='word_1_86' title='bbox 508 571 641 612; x_wconf 89' lang='lat' dir='ltr'>omnis</span> <span class='ocrx_word' id='word_1_87' title='bbox 671 570 899 611; x_wconf 83' lang='lat' dir='ltr'>Hannibali</span> <span class='ocrx_word' id='word_1_88' title='bbox 925 569 1102 610; x_wconf 85' lang='lat' dir='ltr'>cederet.</span> <span class='ocrx_word' id='word_1_89' title='bbox 1164 568 1407 609; x_wconf 84' lang='lat' dir='ltr'>Perdomita</span> <span class='ocrx_word' id='word_1_90' title='bbox 1433 567 1565 616; x_wconf 82' lang='lat' dir='ltr'>Italia,</span> <span class='ocrx_word' id='word_1_91' title='bbox 1587 567 1755 622; x_wconf 81' lang='lat' dir='ltr'>naviga-</span> 
     </span>
     <span class='ocr_line' id='line_1_22' title="bbox 373 623 1784 681; baseline -0.004 -13"><span class='ocrx_word' id='word_1_92' title='bbox 373 634 495 668; x_wconf 82' lang='lat' dir='ltr'>‘rent</span> <span class='ocrx_word' id='word_1_93' title='bbox 525 628 568 667; x_wconf 91' lang='lat' dir='ltr'>in</span> <span class='ocrx_word' id='word_1_94' title='bbox 605 627 838 676; x_wconf 87' lang='lat' dir='ltr'>Graeciam,</span> <span class='ocrx_word' id='word_1_95' title='bbox 870 627 1124 681; x_wconf 85' lang='lat' dir='ltr'>bellumque,</span> <span class='ocrx_word' id='word_1_96' title='bbox 1157 641 1252 666; x_wconf 90' lang='lat' dir='ltr'>cum</span> <span class='ocrx_word' id='word_1_97' title='bbox 1284 625 1435 680; x_wconf 89' lang='lat' dir='ltr'>quibus</span> <span class='ocrx_word' id='word_1_98' title='bbox 1468 625 1634 680; x_wconf 82' lang='lat' dir='ltr'>regibus</span> <span class='ocrx_word' id='word_1_99' title='bbox 1667 623 1784 679; x_wconf 85' lang='lat' dir='ltr'>pla-1</span> 
     </span>
     <span class='ocr_line' id='line_1_23' title="bbox 374 681 1756 738; baseline -0.004 -13"><span class='ocrx_word' id='word_1_100' title='bbox 374 691 384 708; x_wconf 75' lang='lat'><strong>⁶</strong></span> <span class='ocrx_word' id='word_1_101' title='bbox 401 693 525 733; x_wconf 86' lang='lat' dir='ltr'>ceret,</span> <span class='ocrx_word' id='word_1_102' title='bbox 567 693 770 738; x_wconf 69' lang='lat' dir='ltr'>gererent.</span> <span class='ocrx_word' id='word_1_103' title='bbox 856 684 976 731; x_wconf 80' lang='lat' dir='ltr'>Quae</span> <span class='ocrx_word' id='word_1_104' title='bbox 1018 684 1203 723; x_wconf 83' lang='lat' dir='ltr'>civitates</span> <span class='ocrx_word' id='word_1_105' title='bbox 1240 682 1507 730; x_wconf 88' lang='lat' dir='ltr'>continentis,</span> <span class='ocrx_word' id='word_1_106' title='bbox 1544 696 1651 736; x_wconf 88' lang='lat' dir='ltr'>qnae</span> <span class='ocrx_word' id='word_1_107' title='bbox 1692 681 1756 720; x_wconf 90' lang='lat' dir='ltr'>in-</span> 
     </span>
     <span class='ocr_line' id='line_1_24' title="bbox 374 738 1756 796; baseline -0.003 -14"><span class='ocrx_word' id='word_1_108' title='bbox 374 747 385 764; x_wconf 81' lang='lat'>‘</span> <span class='ocrx_word' id='word_1_109' title='bbox 402 741 513 782; x_wconf 90' lang='lat' dir='ltr'>sulae</span> <span class='ocrx_word' id='word_1_110' title='bbox 535 742 588 781; x_wconf 88' lang='lat' dir='ltr'>ad</span> <span class='ocrx_word' id='word_1_111' title='bbox 611 741 904 782; x_wconf 79' lang='lat' dir='ltr'>Macedoniam</span> <span class='ocrx_word' id='word_1_112' title='bbox 926 749 1115 796; x_wconf 69' lang='lat' dir='ltr'>vergunt,</span> <span class='ocrx_word' id='word_1_113' title='bbox 1139 755 1210 781; x_wconf 84' lang='lat' dir='ltr'>cac</span> <span class='ocrx_word' id='word_1_114' title='bbox 1233 739 1419 794; x_wconf 82' lang='lat' dir='ltr'>Philippi</span> <span class='ocrx_word' id='word_1_115' title='bbox 1442 738 1644 794; x_wconf 75' lang='lat' dir='ltr'>regnique</span> <span class='ocrx_word' id='word_1_116' title='bbox 1666 738 1756 778; x_wconf 85' lang='lat' dir='ltr'>eius</span> 
     </span>
     <span class='ocr_line' id='line_1_25' title="bbox 373 799 535 839; baseline 0.006 -1"><span class='ocrx_word' id='word_1_117' title='bbox 373 799 535 839; x_wconf 87' lang='lat' dir='ltr'>essent.&#39;</span> 
     </span>
    </p>

    <p class='ocr_par' dir='ltr' id='par_1_8' title="bbox 372 851 1792 2214">
     <span class='ocr_line' id='line_1_26' title="bbox 432 851 1755 909; baseline -0.003 -14"><span class='ocrx_word' id='word_1_118' title='bbox 432 856 481 895; x_wconf 91' lang='lat' dir='ltr'>In</span> <span class='ocrx_word' id='word_1_119' title='bbox 517 855 590 895; x_wconf 86' lang='lat' dir='ltr'>has</span> <span class='ocrx_word' id='word_1_120' title='bbox 622 855 750 895; x_wconf 87' lang='lat' dir='ltr'>ferme</span> <span class='ocrx_word' id='word_1_121' title='bbox 791 854 903 909; x_wconf 70' lang='lat' dir='ltr'>leges</span> <span class='ocrx_word' id='word_1_122' title='bbox 944 854 1053 894; x_wconf 89' lang='lat' dir='ltr'>inter</span> <span class='ocrx_word' id='word_1_123' title='bbox 1093 854 1283 894; x_wconf 87' lang='lat' dir='ltr'>Poenum</span> <span class='ocrx_word' id='word_1_124' title='bbox 1325 852 1474 893; x_wconf 87' lang='lat' dir='ltr'>ducem</span> <span class='ocrx_word' id='word_1_125' title='bbox 1516 851 1755 907; x_wconf 78' lang='lat' dir='ltr'>legatosque</span> 
     </span>
     <span class='ocr_line' id='line_1_27' title="bbox 374 909 1787 965; baseline -0.004 -13"><span class='ocrx_word' id='word_1_126' title='bbox 374 911 656 952; x_wconf 83' lang='lat' dir='ltr'>Macedonum</span> <span class='ocrx_word' id='word_1_127' title='bbox 681 912 809 952; x_wconf 87' lang='lat' dir='ltr'>ictum</span> <span class='ocrx_word' id='word_1_128' title='bbox 827 911 984 958; x_wconf 77' lang='lat' dir='ltr'>foedus,</span> <span class='ocrx_word' id='word_1_129' title='bbox 1007 911 1203 965; x_wconf 81' lang='lat' dir='ltr'>missique</span> <span class='ocrx_word' id='word_1_130' title='bbox 1226 925 1320 950; x_wconf 88' lang='lat' dir='ltr'>cum</span> <span class='ocrx_word' id='word_1_131' title='bbox 1343 909 1392 950; x_wconf 88' lang='lat' dir='ltr'>iis</span> <span class='ocrx_word' id='word_1_132' title='bbox 1420 909 1472 950; x_wconf 90' lang='lat' dir='ltr'>ad</span> <span class='ocrx_word' id='word_1_133' title='bbox 1494 909 1601 964; x_wconf 73' lang='lat' dir='ltr'>regis</span> <span class='ocrx_word' id='word_1_134' title='bbox 1629 909 1756 964; x_wconf 88' lang='lat' dir='ltr'>ipsius</span> <span class='ocrx_word' id='word_1_135' title='bbox 1771 925 1787 946; x_wconf 80' lang='lat'><strong>2</strong></span> 
     </span>
     <span class='ocr_line' id='line_1_28' title="bbox 373 965 1757 1023; baseline -0.003 -15"><span class='ocrx_word' id='word_1_136' title='bbox 373 968 618 1008; x_wconf 87' lang='lat' dir='ltr'>firmandam</span> <span class='ocrx_word' id='word_1_137' title='bbox 640 969 767 1008; x_wconf 84' lang='lat' dir='ltr'>fidem</span> <span class='ocrx_word' id='word_1_138' title='bbox 798 968 936 1023; x_wconf 79' lang='lat' dir='ltr'>legati,</span> <span class='ocrx_word' id='word_1_139' title='bbox 963 967 1106 1022; x_wconf 81' lang='lat' dir='ltr'>Gisgo,</span> <span class='ocrx_word' id='word_1_140' title='bbox 1129 978 1171 1007; x_wconf 88' lang='lat' dir='ltr'>et</span> <span class='ocrx_word' id='word_1_141' title='bbox 1193 967 1353 1015; x_wconf 83' lang='lat' dir='ltr'>Bostar,</span> <span class='ocrx_word' id='word_1_142' title='bbox 1376 975 1419 1006; x_wconf 87' lang='lat' dir='ltr'>et</span> <span class='ocrx_word' id='word_1_143' title='bbox 1444 966 1586 1021; x_wconf 58' lang='lat' dir='ltr'>Diago,</span> <span class='ocrx_word' id='word_1_144' title='bbox 1609 965 1757 1006; x_wconf 87' lang='lat' dir='ltr'>eodem</span> 
     </span>
     <span class='ocr_line' id='line_1_29' title="bbox 373 1023 1758 1077; baseline -0.002 -12"><span class='ocrx_word' id='word_1_145' title='bbox 373 1025 425 1065; x_wconf 89' lang='lat' dir='ltr'>ad</span> <span class='ocrx_word' id='word_1_146' title='bbox 448 1025 621 1065; x_wconf 89' lang='lat' dir='ltr'>Iunonis</span> <span class='ocrx_word' id='word_1_147' title='bbox 643 1025 853 1073; x_wconf 89' lang='lat' dir='ltr'>Laciniae,</span> <span class='ocrx_word' id='word_1_148' title='bbox 873 1025 943 1064; x_wconf 93' lang='lat' dir='ltr'>ubi</span> <span class='ocrx_word' id='word_1_149' title='bbox 964 1025 1079 1064; x_wconf 92' lang='lat' dir='ltr'>navis</span> <span class='ocrx_word' id='word_1_150' title='bbox 1100 1024 1262 1064; x_wconf 88' lang='lat' dir='ltr'>occulta</span> <span class='ocrx_word' id='word_1_151' title='bbox 1282 1024 1325 1063; x_wconf 91' lang='lat' dir='ltr'>in</span> <span class='ocrx_word' id='word_1_152' title='bbox 1347 1023 1523 1063; x_wconf 88' lang='lat' dir='ltr'>statione</span> <span class='ocrx_word' id='word_1_153' title='bbox 1546 1034 1645 1071; x_wconf 84' lang='lat' dir='ltr'>erat,</span> <span class='ocrx_word' id='word_1_154' title='bbox 1664 1037 1758 1077; x_wconf 88' lang='lat' dir='ltr'>per-</span> 
     </span>
     <span class='ocr_line' id='line_1_30' title="bbox 372 1079 1756 1136; baseline -0.002 -14"><span class='ocrx_word' id='word_1_155' title='bbox 372 1082 548 1122; x_wconf 85' lang='lat' dir='ltr'>veniunt</span> <span class='ocrx_word' id='word_1_156' title='bbox 564 1097 573 1121; x_wconf 89' lang='lat'>:</span> <span class='ocrx_word' id='word_1_157' title='bbox 607 1081 704 1121; x_wconf 87' lang='lat' dir='ltr'>inde</span> <span class='ocrx_word' id='word_1_158' title='bbox 721 1081 908 1136; x_wconf 87' lang='lat' dir='ltr'>profecti,</span> <span class='ocrx_word' id='word_1_159' title='bbox 927 1096 1057 1135; x_wconf 90' lang='lat' dir='ltr'>quum</span> <span class='ocrx_word' id='word_1_160' title='bbox 1079 1081 1160 1120; x_wconf 90' lang='lat' dir='ltr'>iam</span> <span class='ocrx_word' id='word_1_161' title='bbox 1177 1080 1306 1120; x_wconf 89' lang='lat' dir='ltr'>altum</span> <span class='ocrx_word' id='word_1_162' title='bbox 1325 1088 1528 1129; x_wconf 86' lang='lat' dir='ltr'>tenerent,</span> <span class='ocrx_word' id='word_1_163' title='bbox 1546 1079 1756 1134; x_wconf 84' lang='lat' dir='ltr'>conspecti</span> 
     </span>
     <span class='ocr_line' id='line_1_31' title="bbox 373 1135 1758 1191; baseline -0.002 -13"><span class='ocrx_word' id='word_1_164' title='bbox 373 1153 397 1178; x_wconf 90' lang='lat' dir='ltr'>a</span> <span class='ocrx_word' id='word_1_165' title='bbox 418 1138 544 1178; x_wconf 87' lang='lat' dir='ltr'>classe</span> <span class='ocrx_word' id='word_1_166' title='bbox 573 1138 765 1178; x_wconf 87' lang='lat' dir='ltr'>Romana</span> <span class='ocrx_word' id='word_1_167' title='bbox 784 1146 894 1185; x_wconf 89' lang='lat' dir='ltr'>sunt,</span> <span class='ocrx_word' id='word_1_168' title='bbox 917 1152 1023 1191; x_wconf 90' lang='lat' dir='ltr'>quae</span> <span class='ocrx_word' id='word_1_169' title='bbox 1046 1137 1250 1191; x_wconf 88' lang='lat' dir='ltr'>praesidio</span> <span class='ocrx_word' id='word_1_170' title='bbox 1279 1145 1367 1176; x_wconf 89' lang='lat' dir='ltr'>erat</span> <span class='ocrx_word' id='word_1_171' title='bbox 1391 1135 1606 1176; x_wconf 82' lang='lat' dir='ltr'>Calabriae</span> <span class='ocrx_word' id='word_1_172' title='bbox 1628 1136 1758 1176; x_wconf 86' lang='lat' dir='ltr'>litori-</span> 
     </span>
     <span class='ocr_line' id='line_1_32' title="bbox 373 1193 1789 1248; baseline 0 -14"><span class='ocrx_word' id='word_1_173' title='bbox 373 1195 460 1235; x_wconf 89' lang='lat' dir='ltr'>bus.</span> <span class='ocrx_word' id='word_1_174' title='bbox 523 1194 570 1235; x_wconf 92' lang='lat' dir='ltr'>P.</span> <span class='ocrx_word' id='word_1_175' title='bbox 590 1193 782 1234; x_wconf 87' lang='lat' dir='ltr'>Valerius</span> <span class='ocrx_word' id='word_1_176' title='bbox 800 1193 971 1233; x_wconf 87' lang='lat' dir='ltr'>Flaccus</span> <span class='ocrx_word' id='word_1_177' title='bbox 992 1207 1182 1233; x_wconf 84' lang='lat' dir='ltr'>cercuros</span> <span class='ocrx_word' id='word_1_178' title='bbox 1203 1193 1256 1233; x_wconf 87' lang='lat' dir='ltr'>ad</span> <span class='ocrx_word' id='word_1_179' title='bbox 1276 1193 1609 1248; x_wconf 88' lang='lat' dir='ltr'>persequendam</span> <span class='ocrx_word' id='word_1_180' title='bbox 1630 1202 1758 1233; x_wconf 86' lang='lat' dir='ltr'>retra·</span> <span class='ocrx_word' id='word_1_181' title='bbox 1772 1205 1789 1234; x_wconf 83' lang='lat'><strong>3</strong></span> 
     </span>
     <span class='ocr_line' id='line_1_33' title="bbox 373 1249 1755 1306; baseline -0.001 -15"><span class='ocrx_word' id='word_1_182' title='bbox 373 1251 640 1306; x_wconf 89' lang='lat' dir='ltr'>hendamquc</span> <span class='ocrx_word' id='word_1_183' title='bbox 656 1266 803 1291; x_wconf 88' lang='lat' dir='ltr'>navem</span> <span class='ocrx_word' id='word_1_184' title='bbox 819 1266 950 1305; x_wconf 88' lang='lat' dir='ltr'>quum</span> <span class='ocrx_word' id='word_1_185' title='bbox 964 1250 1152 1298; x_wconf 82' lang='lat' dir='ltr'>misisset,</span> <span class='ocrx_word' id='word_1_186' title='bbox 1168 1250 1302 1305; x_wconf 89' lang='lat' dir='ltr'>primo</span> <span class='ocrx_word' id='word_1_187' title='bbox 1318 1249 1460 1304; x_wconf 80' lang='lat' dir='ltr'>fugere</span> <span class='ocrx_word' id='word_1_188' title='bbox 1475 1249 1578 1304; x_wconf 77' lang='lat' dir='ltr'>regii</span> <span class='ocrx_word' id='word_1_189' title='bbox 1595 1249 1731 1289; x_wconf 89' lang='lat' dir='ltr'>conati</span> <span class='ocrx_word' id='word_1_190' title='bbox 1746 1265 1755 1289; x_wconf 73' lang='grc' dir='ltr'>ε</span> 
     </span>
     <span class='ocr_line' id='line_1_34' title="bbox 374 1306 1757 1356; baseline -0.002 -8"><span class='ocrx_word' id='word_1_191' title='bbox 374 1308 540 1356; x_wconf 84' lang='lat' dir='ltr'>deinde,</span> <span class='ocrx_word' id='word_1_192' title='bbox 564 1308 635 1348; x_wconf 89' lang='lat' dir='ltr'>ubi</span> <span class='ocrx_word' id='word_1_193' title='bbox 667 1307 877 1348; x_wconf 87' lang='lat' dir='ltr'>eeleritate</span> <span class='ocrx_word' id='word_1_194' title='bbox 899 1307 1010 1347; x_wconf 88' lang='lat' dir='ltr'>vinci</span> <span class='ocrx_word' id='word_1_195' title='bbox 1032 1315 1262 1355; x_wconf 87' lang='lat' dir='ltr'>senserunt,</span> <span class='ocrx_word' id='word_1_196' title='bbox 1286 1306 1456 1347; x_wconf 87' lang='lat' dir='ltr'>tradunt</span> <span class='ocrx_word' id='word_1_197' title='bbox 1477 1322 1518 1347; x_wconf 90' lang='lat' dir='ltr'>se</span> <span class='ocrx_word' id='word_1_198' title='bbox 1544 1306 1757 1354; x_wconf 84' lang='lat' dir='ltr'>Romanis,</span> 
     </span>
     <span class='ocr_line' id='line_1_35' title="bbox 374 1363 1760 1419; baseline -0.001 -15"><span class='ocrx_word' id='word_1_199' title='bbox 374 1373 417 1405; x_wconf 89' lang='lat' dir='ltr'>et</span> <span class='ocrx_word' id='word_1_200' title='bbox 437 1364 491 1404; x_wconf 87' lang='lat' dir='ltr'>ad</span> <span class='ocrx_word' id='word_1_201' title='bbox 512 1364 766 1419; x_wconf 86' lang='lat' dir='ltr'>praefectum</span> <span class='ocrx_word' id='word_1_202' title='bbox 788 1364 925 1404; x_wconf 88' lang='lat' dir='ltr'>classis</span> <span class='ocrx_word' id='word_1_203' title='bbox 947 1363 1139 1405; x_wconf 88' lang='lat' dir='ltr'>adducti:</span> <span class='ocrx_word' id='word_1_204' title='bbox 1174 1379 1303 1419; x_wconf 87' lang='lat' dir='ltr'>quum</span> <span class='ocrx_word' id='word_1_205' title='bbox 1326 1372 1555 1419; x_wconf 80' lang='lat' dir='ltr'>quaereret,</span> <span class='ocrx_word' id='word_1_206' title='bbox 1581 1369 1593 1386; x_wconf 74' lang='lat'><strong><em>⁶</em></strong></span> <span class='ocrx_word' id='word_1_207' title='bbox 1608 1363 1694 1418; x_wconf 89' lang='lat' dir='ltr'>qui,</span> <span class='ocrx_word' id='word_1_208' title='bbox 1717 1371 1760 1403; x_wconf 86' lang='lat' dir='ltr'>et</span> 
     </span>
     <span class='ocr_line' id='line_1_36' title="bbox 376 1420 1759 1476; baseline -0.001 -15"><span class='ocrx_word' id='word_1_209' title='bbox 376 1427 388 1444; x_wconf 87' lang='lat'>‘</span> <span class='ocrx_word' id='word_1_210' title='bbox 401 1421 526 1470; x_wconf 89' lang='lat' dir='ltr'>unde,</span> <span class='ocrx_word' id='word_1_211' title='bbox 545 1430 587 1461; x_wconf 90' lang='lat' dir='ltr'>et</span> <span class='ocrx_word' id='word_1_212' title='bbox 608 1436 691 1475; x_wconf 87' lang='lat' dir='ltr'>quo</span> <span class='ocrx_word' id='word_1_213' title='bbox 713 1421 933 1461; x_wconf 85' lang='lat' dir='ltr'>tenderent</span> <span class='ocrx_word' id='word_1_214' title='bbox 951 1436 1115 1461; x_wconf 91' lang='lat' dir='ltr'>cursum</span> <span class='ocrx_word' id='word_1_215' title='bbox 1129 1421 1164 1461; x_wconf 83' lang='lat'>?’</span> <span class='ocrx_word' id='word_1_216' title='bbox 1196 1420 1481 1475; x_wconf 78' lang='lat' dir='ltr'>Xenophanes</span> <span class='ocrx_word' id='word_1_217' title='bbox 1497 1421 1644 1476; x_wconf 85' lang='lat' dir='ltr'>primo,</span> <span class='ocrx_word' id='word_1_218' title='bbox 1664 1420 1759 1459; x_wconf 84' lang='lat' dir='ltr'>satis</span> 
     </span>
     <span class='ocr_line' id='line_1_37' title="bbox 375 1477 1759 1533; baseline 0 -16"><span class='ocrx_word' id='word_1_219' title='bbox 375 1478 455 1518; x_wconf 87' lang='lat' dir='ltr'>iam</span> <span class='ocrx_word' id='word_1_220' title='bbox 478 1477 604 1518; x_wconf 88' lang='lat' dir='ltr'>semel</span> <span class='ocrx_word' id='word_1_221' title='bbox 625 1478 738 1526; x_wconf 85' lang='lat' dir='ltr'>felix,</span> <span class='ocrx_word' id='word_1_222' title='bbox 761 1478 1026 1518; x_wconf 87' lang='lat' dir='ltr'>mendacium</span> <span class='ocrx_word' id='word_1_223' title='bbox 1049 1486 1218 1525; x_wconf 86' lang='lat' dir='ltr'>struere,</span> <span class='ocrx_word' id='word_1_224' title='bbox 1244 1483 1254 1501; x_wconf 72' lang='lat'><strong><em>⁶</em></strong></span> <span class='ocrx_word' id='word_1_225' title='bbox 1270 1493 1294 1518; x_wconf 86' lang='lat' dir='ltr'>a</span> <span class='ocrx_word' id='word_1_226' title='bbox 1314 1478 1512 1533; x_wconf 83' lang='lat' dir='ltr'>Philippo</span> <span class='ocrx_word' id='word_1_227' title='bbox 1533 1492 1574 1517; x_wconf 91' lang='lat' dir='ltr'>se</span> <span class='ocrx_word' id='word_1_228' title='bbox 1596 1477 1649 1517; x_wconf 90' lang='lat' dir='ltr'>ad</span> <span class='ocrx_word' id='word_1_229' title='bbox 1674 1477 1759 1517; x_wconf 87' lang='lat' dir='ltr'>Ro-</span> 
     </span>
     <span class='ocr_line' id='line_1_38' title="bbox 376 1534 1758 1589; baseline -0.001 -15"><span class='ocrx_word' id='word_1_230' title='bbox 376 1540 387 1557; x_wconf 84' lang='lat'>‘</span> <span class='ocrx_word' id='word_1_231' title='bbox 401 1550 544 1575; x_wconf 88' lang='lat' dir='ltr'>manos</span> <span class='ocrx_word' id='word_1_232' title='bbox 561 1535 742 1583; x_wconf 86' lang='lat' dir='ltr'>missum,</span> <span class='ocrx_word' id='word_1_233' title='bbox 761 1534 813 1574; x_wconf 88' lang='lat' dir='ltr'>ad</span> <span class='ocrx_word' id='word_1_234' title='bbox 835 1534 896 1574; x_wconf 91' lang='lat' dir='ltr'>M.</span> <span class='ocrx_word' id='word_1_235' title='bbox 913 1534 1143 1583; x_wconf 87' lang='lat' dir='ltr'>Valerium,</span> <span class='ocrx_word' id='word_1_236' title='bbox 1159 1535 1212 1575; x_wconf 90' lang='lat' dir='ltr'>ad</span> <span class='ocrx_word' id='word_1_237' title='bbox 1228 1550 1354 1589; x_wconf 89' lang='lat' dir='ltr'>quem</span> <span class='ocrx_word' id='word_1_238' title='bbox 1376 1550 1506 1574; x_wconf 87' lang='lat' dir='ltr'>unum</span> <span class='ocrx_word' id='word_1_239' title='bbox 1528 1534 1606 1574; x_wconf 89' lang='lat' dir='ltr'>iter</span> <span class='ocrx_word' id='word_1_240' title='bbox 1622 1543 1758 1574; x_wconf 87' lang='lat' dir='ltr'>tutum</span> 
     </span>
     <span class='ocr_line' id='line_1_39' title="bbox 376 1590 1758 1646; baseline -0.001 -15"><span class='ocrx_word' id='word_1_241' title='bbox 376 1598 387 1614; x_wconf 74' lang='lat'><strong><em>⁶</em></strong></span> <span class='ocrx_word' id='word_1_242' title='bbox 404 1591 539 1639; x_wconf 84' lang='lat' dir='ltr'>fucrit,</span> <span class='ocrx_word' id='word_1_243' title='bbox 555 1591 801 1646; x_wconf 87' lang='lat' dir='ltr'>pervenisse.</span> <span class='ocrx_word' id='word_1_244' title='bbox 857 1590 1131 1645; x_wconf 85' lang='lat' dir='ltr'>Campaniam</span> <span class='ocrx_word' id='word_1_245' title='bbox 1147 1606 1339 1646; x_wconf 86' lang='lat' dir='ltr'>superare</span> <span class='ocrx_word' id='word_1_246' title='bbox 1354 1592 1559 1646; x_wconf 84' lang='lat' dir='ltr'>nequisse,</span> <span class='ocrx_word' id='word_1_247' title='bbox 1575 1600 1758 1646; x_wconf 79' lang='lat' dir='ltr'>saeptam</span> 
     </span>
     <span class='ocr_line' id='line_1_40' title="bbox 377 1647 1758 1703; baseline -0.001 -15"><span class='ocrx_word' id='word_1_248' title='bbox 377 1653 389 1671; x_wconf 88' lang='lat'>‘</span> <span class='ocrx_word' id='word_1_249' title='bbox 402 1648 582 1688; x_wconf 86' lang='lat' dir='ltr'>hostium</span> <span class='ocrx_word' id='word_1_250' title='bbox 597 1648 838 1703; x_wconf 57' lang='lat' dir='ltr'>praesidiis?</span> <span class='ocrx_word' id='word_1_251' title='bbox 899 1647 1082 1696; x_wconf 84' lang='lat' dir='ltr'>Deinde,</span> <span class='ocrx_word' id='word_1_252' title='bbox 1097 1659 1144 1687; x_wconf 87' lang='lat' dir='ltr'>ut</span> <span class='ocrx_word' id='word_1_253' title='bbox 1158 1647 1343 1688; x_wconf 87' lang='lat' dir='ltr'>Punicus</span> <span class='ocrx_word' id='word_1_254' title='bbox 1360 1648 1496 1688; x_wconf 87' lang='lat' dir='ltr'>cultus</span> <span class='ocrx_word' id='word_1_255' title='bbox 1509 1648 1758 1702; x_wconf 86' lang='lat' dir='ltr'>habitusque</span> 
     </span>
     <span class='ocr_line' id='line_1_41' title="bbox 375 1703 1759 1760; baseline 0 -16"><span class='ocrx_word' id='word_1_256' title='bbox 375 1714 586 1760; x_wconf 86' lang='lat' dir='ltr'>suspectos</span> <span class='ocrx_word' id='word_1_257' title='bbox 618 1704 773 1759; x_wconf 77' lang='lat' dir='ltr'>legatos</span> <span class='ocrx_word' id='word_1_258' title='bbox 806 1704 905 1744; x_wconf 86' lang='lat' dir='ltr'>fecit</span> <span class='ocrx_word' id='word_1_259' title='bbox 939 1703 1201 1753; x_wconf 85' lang='lat' dir='ltr'>Hannibalis,</span> <span class='ocrx_word' id='word_1_260' title='bbox 1235 1705 1592 1760; x_wconf 74' lang='lat' dir='ltr'>interrogatosque</span> <span class='ocrx_word' id='word_1_261' title='bbox 1625 1719 1759 1745; x_wconf 88' lang='lat' dir='ltr'>sermo</span> 
     </span>
     <span class='ocr_line' id='line_1_42' title="bbox 388 1761 1757 1810; baseline 0 -9"><span class='ocrx_word' id='word_1_262' title='bbox 388 1761 581 1802; x_wconf 71' lang='lat' dir='ltr'>›rodiditz</span> <span class='ocrx_word' id='word_1_263' title='bbox 615 1769 718 1810; x_wconf 90' lang='lat' dir='ltr'>tum,</span> <span class='ocrx_word' id='word_1_264' title='bbox 741 1761 963 1802; x_wconf 83' lang='lat' dir='ltr'>comitibus</span> <span class='ocrx_word' id='word_1_265' title='bbox 994 1775 1137 1801; x_wconf 89' lang='lat' dir='ltr'>eorum</span> <span class='ocrx_word' id='word_1_266' title='bbox 1166 1761 1347 1801; x_wconf 89' lang='lat' dir='ltr'>seductis</span> <span class='ocrx_word' id='word_1_267' title='bbox 1378 1776 1424 1801; x_wconf 89' lang='lat' dir='ltr'>ac</span> <span class='ocrx_word' id='word_1_268' title='bbox 1451 1770 1565 1801; x_wconf 88' lang='lat' dir='ltr'>metu</span> <span class='ocrx_word' id='word_1_269' title='bbox 1594 1761 1757 1809; x_wconf 78' lang='lat' dir='ltr'>territis,</span> 
     </span>
     <span class='ocr_line' id='line_1_43' title="bbox 374 1776 1760 1873; baseline -0.001 -15"><span class='ocrx_word' id='word_1_270' title='bbox 374 1776 516 1858; x_wconf 85' lang='lat' dir='ltr'>literae</span> <span class='ocrx_word' id='word_1_271' title='bbox 549 1833 717 1873; x_wconf 88' lang='lat' dir='ltr'>quoque</span> <span class='ocrx_word' id='word_1_272' title='bbox 752 1818 803 1858; x_wconf 88' lang='lat' dir='ltr'>ab</span> <span class='ocrx_word' id='word_1_273' title='bbox 841 1817 1078 1858; x_wconf 83' lang='lat' dir='ltr'>Hannibale</span> <span class='ocrx_word' id='word_1_274' title='bbox 1115 1817 1168 1858; x_wconf 89' lang='lat' dir='ltr'>ad</span> <span class='ocrx_word' id='word_1_275' title='bbox 1200 1818 1443 1873; x_wconf 87' lang='lat' dir='ltr'>Philippum</span> <span class='ocrx_word' id='word_1_276' title='bbox 1478 1818 1686 1865; x_wconf 87' lang='lat' dir='ltr'>inventae,</span> <span class='ocrx_word' id='word_1_277' title='bbox 1719 1825 1760 1857; x_wconf 87' lang='lat' dir='ltr'>et</span> 
     </span>
     <span class='ocr_line' id='line_1_44' title="bbox 373 1874 1760 1929; baseline -0.001 -15"><span class='ocrx_word' id='word_1_278' title='bbox 373 1883 495 1929; x_wconf 87' lang='lat' dir='ltr'>pacta</span> <span class='ocrx_word' id='word_1_279' title='bbox 514 1875 623 1915; x_wconf 89' lang='lat' dir='ltr'>inter</span> <span class='ocrx_word' id='word_1_280' title='bbox 650 1889 790 1929; x_wconf 77' lang='lat' dir='ltr'>regem</span> <span class='ocrx_word' id='word_1_281' title='bbox 814 1874 1097 1914; x_wconf 62' lang='lat' dir='ltr'>Blaccdonum</span> <span class='ocrx_word' id='word_1_282' title='bbox 1127 1874 1403 1929; x_wconf 88' lang='lat' dir='ltr'>Poenumque</span> <span class='ocrx_word' id='word_1_283' title='bbox 1425 1874 1586 1915; x_wconf 88' lang='lat' dir='ltr'>ducem.</span> <span class='ocrx_word' id='word_1_284' title='bbox 1653 1874 1760 1922; x_wconf 76' lang='lat' dir='ltr'>Qui-</span> 
     </span>
     <span class='ocr_line' id='line_1_45' title="bbox 373 1931 1758 1986; baseline -0.001 -15"><span class='ocrx_word' id='word_1_285' title='bbox 373 1932 451 1971; x_wconf 90' lang='lat' dir='ltr'>bus</span> <span class='ocrx_word' id='word_1_286' title='bbox 472 1932 568 1971; x_wconf 86' lang='lat' dir='ltr'>satis</span> <span class='ocrx_word' id='word_1_287' title='bbox 596 1932 786 1986; x_wconf 75' lang='lat' dir='ltr'>cognitis,</span> <span class='ocrx_word' id='word_1_288' title='bbox 809 1932 1014 1986; x_wconf 89' lang='lat' dir='ltr'>optimum</span> <span class='ocrx_word' id='word_1_289' title='bbox 1035 1931 1168 1971; x_wconf 85' lang='lat' dir='ltr'>visum</span> <span class='ocrx_word' id='word_1_290' title='bbox 1197 1940 1270 1980; x_wconf 87' lang='lat' dir='ltr'>est,</span> <span class='ocrx_word' id='word_1_291' title='bbox 1293 1932 1477 1986; x_wconf 84' lang='lat' dir='ltr'>captivos</span> <span class='ocrx_word' id='word_1_292' title='bbox 1503 1931 1758 1986; x_wconf 86' lang='lat' dir='ltr'>comitesque</span> 
     </span>
     <span class='ocr_line' id='line_1_46' title="bbox 373 1988 1759 2043; baseline 0.001 -16"><span class='ocrx_word' id='word_1_293' title='bbox 373 2003 517 2028; x_wconf 89' lang='lat' dir='ltr'>eorum</span> <span class='ocrx_word' id='word_1_294' title='bbox 556 1988 734 2028; x_wconf 85' lang='lat' dir='ltr'>Romam</span> <span class='ocrx_word' id='word_1_295' title='bbox 766 1988 819 2028; x_wconf 89' lang='lat' dir='ltr'>ad</span> <span class='ocrx_word' id='word_1_296' title='bbox 856 1996 1060 2036; x_wconf 89' lang='lat' dir='ltr'>senatum,</span> <span class='ocrx_word' id='word_1_297' title='bbox 1093 1996 1165 2028; x_wconf 88' lang='lat' dir='ltr'>aut</span> <span class='ocrx_word' id='word_1_298' title='bbox 1195 1988 1247 2028; x_wconf 86' lang='lat' dir='ltr'>ad</span> <span class='ocrx_word' id='word_1_299' title='bbox 1285 1988 1486 2037; x_wconf 50' lang='lat' dir='ltr'>consule&amp;</span> <span class='ocrx_word' id='word_1_300' title='bbox 1520 1988 1759 2043; x_wconf 85' lang='lat' dir='ltr'>ubicunque</span> 
     </span>
     <span class='ocr_line' id='line_1_47' title="bbox 374 2044 1760 2100; baseline 0.001 -16"><span class='ocrx_word' id='word_1_301' title='bbox 374 2054 523 2092; x_wconf 87' lang='lat' dir='ltr'>essent,</span> <span class='ocrx_word' id='word_1_302' title='bbox 546 2060 672 2099; x_wconf 87' lang='lat' dir='ltr'>quam</span> <span class='ocrx_word' id='word_1_303' title='bbox 693 2045 874 2100; x_wconf 88' lang='lat' dir='ltr'>primum</span> <span class='ocrx_word' id='word_1_304' title='bbox 904 2044 1133 2099; x_wconf 87' lang='lat' dir='ltr'>deportare.</span> <span class='ocrx_word' id='word_1_305' title='bbox 1198 2045 1269 2085; x_wconf 89' lang='lat' dir='ltr'>Ad</span> <span class='ocrx_word' id='word_1_306' title='bbox 1297 2045 1341 2085; x_wconf 92' lang='lat' dir='ltr'>id</span> <span class='ocrx_word' id='word_1_307' title='bbox 1369 2045 1606 2085; x_wconf 85' lang='lat' dir='ltr'>celerrimae</span> <span class='ocrx_word' id='word_1_308' title='bbox 1636 2045 1760 2100; x_wconf 90' lang='lat' dir='ltr'>quin-</span> 
     </span>
     <span class='ocr_line' id='line_1_48' title="bbox 375 2101 1792 2157; baseline 0.001 -16"><span class='ocrx_word' id='word_1_309' title='bbox 375 2115 456 2156; x_wconf 82' lang='lat' dir='ltr'>que</span> <span class='ocrx_word' id='word_1_310' title='bbox 488 2116 614 2142; x_wconf 87' lang='lat' dir='ltr'>naves</span> <span class='ocrx_word' id='word_1_311' title='bbox 644 2101 843 2150; x_wconf 86' lang='lat' dir='ltr'>delectae,</span> <span class='ocrx_word' id='word_1_312' title='bbox 877 2116 924 2142; x_wconf 88' lang='lat' dir='ltr'>ac</span> <span class='ocrx_word' id='word_1_313' title='bbox 955 2101 1004 2141; x_wconf 93' lang='lat' dir='ltr'>L.</span> <span class='ocrx_word' id='word_1_314' title='bbox 1022 2101 1214 2142; x_wconf 85' lang='lat' dir='ltr'>Valerius</span> <span class='ocrx_word' id='word_1_315' title='bbox 1245 2102 1407 2150; x_wconf 90' lang='lat' dir='ltr'>Antias,</span> <span class='ocrx_word' id='word_1_316' title='bbox 1437 2102 1510 2157; x_wconf 88' lang='lat' dir='ltr'>qui</span> <span class='ocrx_word' id='word_1_317' title='bbox 1537 2110 1792 2157; x_wconf 81' lang='lat' dir='ltr'>praeesset,4</span> 
     </span>
     <span class='ocr_line' id='line_1_49' title="bbox 374 2157 1760 2214; baseline 0.001 -17"><span class='ocrx_word' id='word_1_318' title='bbox 374 2157 545 2198; x_wconf 88' lang='lat' dir='ltr'>missus:</span> <span class='ocrx_word' id='word_1_319' title='bbox 580 2159 703 2212; x_wconf 86' lang='lat' dir='ltr'>eique</span> <span class='ocrx_word' id='word_1_320' title='bbox 734 2158 990 2206; x_wconf 86' lang='lat' dir='ltr'>mandatum,</span> <span class='ocrx_word' id='word_1_321' title='bbox 1014 2167 1061 2198; x_wconf 85' lang='lat' dir='ltr'>ut</span> <span class='ocrx_word' id='word_1_322' title='bbox 1082 2159 1125 2198; x_wconf 89' lang='lat' dir='ltr'>in</span> <span class='ocrx_word' id='word_1_323' title='bbox 1147 2173 1291 2199; x_wconf 88' lang='lat' dir='ltr'>omnes</span> <span class='ocrx_word' id='word_1_324' title='bbox 1312 2174 1437 2199; x_wconf 89' lang='lat' dir='ltr'>naves</span> <span class='ocrx_word' id='word_1_325' title='bbox 1465 2159 1622 2214; x_wconf 81' lang='lat' dir='ltr'>legatos</span> <span class='ocrx_word' id='word_1_326' title='bbox 1642 2173 1760 2214; x_wconf 86' lang='lat' dir='ltr'>sepa-</span> 
     </span>
    </p>
   </div>
   <div class='ocr_carea' id='block_1_7' title="bbox 374 2322 1759 2780">
    <p class='ocr_par' dir='ltr' id='par_1_9' title="bbox 374 2322 1759 2490">
     <span class='ocr_line' id='line_1_50' title="bbox 426 2322 1759 2364; baseline -0.001 -11"><span class='ocrx_word' id='word_1_327' title='bbox 426 2334 436 2353; x_wconf 88' lang='lat'>1</span> <span class='ocrx_word' id='word_1_328' title='bbox 464 2324 541 2354; x_wconf 75' lang='lat' dir='ltr'>Cum</span> <span class='ocrx_word' id='word_1_329' title='bbox 580 2326 695 2364; x_wconf 75' lang='lat' dir='ltr'>quibus</span> <span class='ocrx_word' id='word_1_330' title='bbox 725 2326 852 2363; x_wconf 65' lang='lat' dir='ltr'>reyibus</span> <span class='ocrx_word' id='word_1_331' title='bbox 883 2325 1041 2363; x_wconf 73' lang='lat' dir='ltr'>placeret]</span> <span class='ocrx_word' id='word_1_332' title='bbox 1089 2323 1205 2362; x_wconf 75' lang='lat' dir='ltr'>navigii</span> <span class='ocrx_word' id='word_1_333' title='bbox 1234 2323 1351 2353; x_wconf 77' lang='lat' dir='ltr'>velocis</span> <span class='ocrx_word' id='word_1_334' title='bbox 1378 2326 1409 2353; x_wconf 83' lang='lat' dir='ltr'>et</span> <span class='ocrx_word' id='word_1_335' title='bbox 1435 2322 1539 2352; x_wconf 77' lang='lat' dir='ltr'>brevis</span> <span class='ocrx_word' id='word_1_336' title='bbox 1565 2332 1637 2352; x_wconf 86' lang='lat' dir='ltr'>cum</span> <span class='ocrx_word' id='word_1_337' title='bbox 1665 2323 1759 2361; x_wconf 84' lang='lat' dir='ltr'>longa</span> 
     </span>
     <span class='ocr_line' id='line_1_51' title="bbox 375 2364 1759 2406; baseline 0 -13"><span class='ocrx_word' id='word_1_338' title='bbox 375 2366 454 2396; x_wconf 60' lang='lat' dir='ltr'>(lum</span> <span class='ocrx_word' id='word_1_339' title='bbox 471 2368 585 2406; x_wconf 78' lang='lat' dir='ltr'>quibus</span> <span class='ocrx_word' id='word_1_340' title='bbox 602 2368 680 2405; x_wconf 60' lang='grc' dir='ltr'>γεμί,</span> <span class='ocrx_word' id='word_1_341' title='bbox 699 2377 740 2396; x_wconf 89' lang='lat' dir='ltr'>sc.</span> <span class='ocrx_word' id='word_1_342' title='bbox 760 2366 926 2405; x_wconf 78' lang='lat' dir='ltr'>Philippo,</span> <span class='ocrx_word' id='word_1_343' title='bbox 939 2367 1045 2405; x_wconf 77' lang='lat' dir='ltr'>place·</span> <span class='ocrx_word' id='word_1_344' title='bbox 1089 2365 1201 2404; x_wconf 86' lang='lat' dir='ltr'>puppi.</span> <span class='ocrx_word' id='word_1_345' title='bbox 1248 2365 1377 2395; x_wconf 86' lang='lat' dir='ltr'>Nomen</span> <span class='ocrx_word' id='word_1_346' title='bbox 1394 2364 1421 2394; x_wconf 87' lang='lat' dir='ltr'>ei</span> <span class='ocrx_word' id='word_1_347' title='bbox 1440 2364 1564 2394; x_wconf 76' lang='lat' dir='ltr'>videtur</span> <span class='ocrx_word' id='word_1_348' title='bbox 1584 2364 1720 2394; x_wconf 87' lang='lat' dir='ltr'>inditum</span> <span class='ocrx_word' id='word_1_349' title='bbox 1740 2374 1759 2394; x_wconf 87' lang='lat' dir='ltr'>a</span> 
     </span>
     <span class='ocr_line' id='line_1_52' title="bbox 374 2405 1759 2445; baseline -0.001 -8"><span class='ocrx_word' id='word_1_350' title='bbox 374 2412 433 2443; x_wconf 72' lang='lat' dir='ltr'>rel,</span> <span class='ocrx_word' id='word_1_351' title='bbox 449 2419 488 2437; x_wconf 86' lang='lat' dir='ltr'>ex</span> <span class='ocrx_word' id='word_1_352' title='bbox 505 2408 639 2439; x_wconf 82' lang='lat' dir='ltr'>coniect.</span> <span class='ocrx_word' id='word_1_353' title='bbox 654 2408 794 2439; x_wconf 88' lang='lat' dir='ltr'>Gronov.</span> <span class='ocrx_word' id='word_1_354' title='bbox 808 2408 840 2437; x_wconf 89' lang='lat' dir='ltr'>in</span> <span class='ocrx_word' id='word_1_355' title='bbox 857 2412 982 2438; x_wconf 80' lang='lat' dir='ltr'>textum</span> <span class='ocrx_word' id='word_1_356' title='bbox 999 2417 1043 2437; x_wconf 85' lang='lat' dir='ltr'>re·</span> <span class='ocrx_word' id='word_1_357' title='bbox 1090 2408 1230 2445; x_wconf 79' lang='lat' dir='ltr'>Corcyra</span> <span class='ocrx_word' id='word_1_358' title='bbox 1245 2407 1359 2441; x_wconf 74' lang='lat' dir='ltr'>insula,</span> <span class='ocrx_word' id='word_1_359' title='bbox 1370 2417 1451 2445; x_wconf 81' lang='lat' dir='ltr'>quae</span> <span class='ocrx_word' id='word_1_360' title='bbox 1465 2406 1597 2436; x_wconf 78' lang='lat' dir='ltr'>Graecis</span> <span class='ocrx_word' id='word_1_361' title='bbox 1613 2405 1759 2445; x_wconf 83' lang='grc' dir='ltr'>Κερκύρα,</span> 
     </span>
     <span class='ocr_line' id='line_1_53' title="bbox 375 2448 1759 2490; baseline 0 -12"><span class='ocrx_word' id='word_1_362' title='bbox 375 2450 481 2490; x_wconf 79' lang='lat' dir='ltr'>posuit</span> <span class='ocrx_word' id='word_1_363' title='bbox 498 2451 637 2480; x_wconf 80' lang='lat' dir='ltr'>Bekkcr.</span> <span class='ocrx_word' id='word_1_364' title='bbox 1088 2449 1142 2478; x_wconf 87' lang='lat' dir='ltr'>ubi</span> <span class='ocrx_word' id='word_1_365' title='bbox 1158 2450 1288 2479; x_wconf 70' lang='lat' dir='ltr'>tortasse</span> <span class='ocrx_word' id='word_1_366' title='bbox 1306 2450 1361 2478; x_wconf 82' lang='lat' dir='ltr'>illa</span> <span class='ocrx_word' id='word_1_367' title='bbox 1377 2449 1491 2487; x_wconf 80' lang='lat' dir='ltr'>navigii</span> <span class='ocrx_word' id='word_1_368' title='bbox 1508 2449 1609 2478; x_wconf 85' lang='lat' dir='ltr'>forma</span> <span class='ocrx_word' id='word_1_369' title='bbox 1629 2448 1759 2478; x_wconf 77' lang='lat' dir='ltr'>inventa</span> 
     </span>
    </p>

    <p class='ocr_par' dir='ltr' id='par_1_10' title="bbox 376 2491 1757 2740">
     <span class='ocr_line' id='line_1_54' title="bbox 419 2491 1757 2531; baseline -0.001 -9"><span class='ocrx_word' id='word_1_370' title='bbox 419 2502 434 2522; x_wconf 77' lang='lat'>2</span> <span class='ocrx_word' id='word_1_371' title='bbox 452 2494 506 2521; x_wconf 68' lang='lat' dir='ltr'>Ad</span> <span class='ocrx_word' id='word_1_372' title='bbox 516 2494 600 2531; x_wconf 68' lang='lat' dir='ltr'>reglis</span> <span class='ocrx_word' id='word_1_373' title='bbox 610 2493 1041 2531; x_wconf 68' lang='lat' dir='ltr'>ipsiusfirmandamfidem]</span> <span class='ocrx_word' id='word_1_374' title='bbox 1089 2496 1145 2520; x_wconf 69' lang='lat' dir='ltr'>cst.</span> <span class='ocrx_word' id='word_1_375' title='bbox 1178 2491 1252 2521; x_wconf 71' lang='lat' dir='ltr'>vid.</span> <span class='ocrx_word' id='word_1_376' title='bbox 1276 2491 1420 2521; x_wconf 83' lang='lat' dir='ltr'>Martinii</span> <span class='ocrx_word' id='word_1_377' title='bbox 1443 2491 1550 2521; x_wconf 79' lang='lat' dir='ltr'>Lexic.</span> <span class='ocrx_word' id='word_1_378' title='bbox 1575 2492 1680 2521; x_wconf 77' lang='lat' dir='ltr'>CREV.</span> <span class='ocrx_word' id='word_1_379' title='bbox 1718 2491 1757 2520; x_wconf 84' lang='lat' dir='ltr'>cf.</span> 
     </span>
     <span class='ocr_line' id='line_1_55' title="bbox 376 2533 1596 2570; baseline -0.001 -7"><span class='ocrx_word' id='word_1_380' title='bbox 376 2535 427 2563; x_wconf 88' lang='lat' dir='ltr'>Ad</span> <span class='ocrx_word' id='word_1_381' title='bbox 454 2535 643 2564; x_wconf 77' lang='lat' dir='ltr'>firmandam</span> <span class='ocrx_word' id='word_1_382' title='bbox 671 2535 856 2564; x_wconf 80' lang='lat' dir='ltr'>societatem</span> <span class='ocrx_word' id='word_1_383' title='bbox 882 2534 955 2570; x_wconf 77' lang='lat' dir='ltr'>fide,</span> <span class='ocrx_word' id='word_1_384' title='bbox 979 2544 1045 2568; x_wconf 74' lang='lat' dir='ltr'>scu,</span> <span class='ocrx_word' id='word_1_385' title='bbox 1090 2534 1204 2564; x_wconf 81' lang='lat' dir='ltr'>Snidas</span> <span class='ocrx_word' id='word_1_386' title='bbox 1220 2538 1249 2563; x_wconf 78' lang='lat' dir='ltr'>ct</span> <span class='ocrx_word' id='word_1_387' title='bbox 1269 2533 1395 2563; x_wconf 84' lang='lat' dir='ltr'>Nonius</span> <span class='ocrx_word' id='word_1_388' title='bbox 1412 2534 1596 2563; x_wconf 85' lang='lat' dir='ltr'>Marcellus.</span> 
     </span>
     <span class='ocr_line' id='line_1_56' title="bbox 376 2574 1757 2615; baseline -0.001 -11"><span class='ocrx_word' id='word_1_389' title='bbox 376 2575 552 2606; x_wconf 84' lang='lat' dir='ltr'>iuramento</span> <span class='ocrx_word' id='word_1_390' title='bbox 576 2577 675 2615; x_wconf 81' lang='lat' dir='ltr'>ipsius</span> <span class='ocrx_word' id='word_1_391' title='bbox 698 2577 786 2615; x_wconf 77' lang='lat' dir='ltr'>regis.</span> <span class='ocrx_word' id='word_1_392' title='bbox 834 2577 957 2606; x_wconf 79' lang='lat' dir='ltr'>Eodem</span> <span class='ocrx_word' id='word_1_393' title='bbox 981 2578 1045 2606; x_wconf 85' lang='lat' dir='ltr'>fere</span> <span class='ocrx_word' id='word_1_394' title='bbox 1132 2588 1150 2614; x_wconf 71' lang='lat'>4</span> <span class='ocrx_word' id='word_1_395' title='bbox 1174 2578 1210 2606; x_wconf 83' lang='lat' dir='ltr'>L.</span> <span class='ocrx_word' id='word_1_396' title='bbox 1235 2577 1380 2606; x_wconf 60' lang='lat' dir='ltr'>Vsum-ius</span> <span class='ocrx_word' id='word_1_397' title='bbox 1402 2577 1537 2613; x_wconf 73' lang='lat' dir='ltr'>Antias]</span> <span class='ocrx_word' id='word_1_398' title='bbox 1581 2574 1657 2605; x_wconf 89' lang='lat' dir='ltr'>Non</span> <span class='ocrx_word' id='word_1_399' title='bbox 1684 2584 1757 2603; x_wconf 87' lang='lat' dir='ltr'>con-</span> 
     </span>
     <span class='ocr_line' id='line_1_57' title="bbox 377 2616 1757 2658; baseline 0 -13"><span class='ocrx_word' id='word_1_400' title='bbox 377 2618 471 2646; x_wconf 77' lang='lat' dir='ltr'>modo</span> <span class='ocrx_word' id='word_1_401' title='bbox 495 2618 563 2648; x_wconf 81' lang='lat' dir='ltr'>infr.</span> <span class='ocrx_word' id='word_1_402' title='bbox 588 2619 688 2648; x_wconf 81' lang='lat' dir='ltr'>xxxii.</span> <span class='ocrx_word' id='word_1_403' title='bbox 706 2629 755 2657; x_wconf 80' lang='lat'>40.</span> <span class='ocrx_word' id='word_1_404' title='bbox 771 2620 903 2658; x_wconf 76' lang='lat' dir='ltr'>firmam</span> <span class='ocrx_word' id='word_1_405' title='bbox 922 2619 1044 2657; x_wconf 54' lang='grc' dir='ltr'>φνας-εἱ·</span> <span class='ocrx_word' id='word_1_406' title='bbox 1089 2618 1271 2647; x_wconf 72' lang='lat' dir='ltr'>fundendus</span> <span class='ocrx_word' id='word_1_407' title='bbox 1301 2628 1373 2647; x_wconf 90' lang='lat' dir='ltr'>cum</span> <span class='ocrx_word' id='word_1_408' title='bbox 1411 2617 1576 2647; x_wconf 86' lang='lat' dir='ltr'>annalium</span> <span class='ocrx_word' id='word_1_409' title='bbox 1606 2616 1757 2655; x_wconf 80' lang='lat' dir='ltr'>scriptore</span> 
     </span>
     <span class='ocr_line' id='line_1_58' title="bbox 376 2658 1755 2699; baseline 0 -13"><span class='ocrx_word' id='word_1_410' title='bbox 376 2659 438 2691; x_wconf 78' lang='lat' dir='ltr'>dio,</span> <span class='ocrx_word' id='word_1_411' title='bbox 468 2659 499 2688; x_wconf 88' lang='lat' dir='ltr'>id</span> <span class='ocrx_word' id='word_1_412' title='bbox 531 2664 587 2693; x_wconf 78' lang='lat' dir='ltr'>cst,</span> <span class='ocrx_word' id='word_1_413' title='bbox 618 2671 716 2699; x_wconf 84' lang='lat' dir='ltr'>quum</span> <span class='ocrx_word' id='word_1_414' title='bbox 750 2661 903 2691; x_wconf 63' lang='lat' dir='ltr'>firmasset</span> <span class='ocrx_word' id='word_1_415' title='bbox 934 2661 1044 2690; x_wconf 87' lang='lat' dir='ltr'>urbem</span> <span class='ocrx_word' id='word_1_416' title='bbox 1090 2661 1182 2699; x_wconf 71' lang='lat' dir='ltr'>longe</span> <span class='ocrx_word' id='word_1_417' title='bbox 1206 2660 1339 2695; x_wconf 74' lang='lat' dir='ltr'>iuniore,</span> <span class='ocrx_word' id='word_1_418' title='bbox 1363 2660 1415 2698; x_wconf 87' lang='lat' dir='ltr'>qui</span> <span class='ocrx_word' id='word_1_419' title='bbox 1441 2659 1581 2689; x_wconf 83' lang='lat' dir='ltr'>Sullanis</span> <span class='ocrx_word' id='word_1_420' title='bbox 1607 2658 1755 2697; x_wconf 75' lang='lat' dir='ltr'>tempori-</span> 
     </span>
     <span class='ocr_line' id='line_1_59' title="bbox 379 2700 1529 2740; baseline 0.003 -12"><span class='ocrx_word' id='word_1_421' title='bbox 379 2700 546 2737; x_wconf 67' lang='lat' dir='ltr'>praesidio.</span> <span class='ocrx_word' id='word_1_422' title='bbox 571 2702 676 2732; x_wconf 63' lang='lat' dir='ltr'>Cum.</span> <span class='ocrx_word' id='word_1_423' title='bbox 1090 2703 1148 2732; x_wconf 78' lang='lat' dir='ltr'>bus</span> <span class='ocrx_word' id='word_1_424' title='bbox 1164 2702 1251 2732; x_wconf 77' lang='lat' dir='ltr'>vixit.</span> <span class='ocrx_word' id='word_1_425' title='bbox 1284 2703 1322 2732; x_wconf 82' lang='lat' dir='ltr'>cf.</span> <span class='ocrx_word' id='word_1_426' title='bbox 1339 2712 1423 2740; x_wconf 85' lang='lat' dir='ltr'>supr.</span> <span class='ocrx_word' id='word_1_427' title='bbox 1441 2701 1482 2731; x_wconf 87' lang='lat' dir='ltr'>iii.</span> <span class='ocrx_word' id='word_1_428' title='bbox 1502 2710 1529 2738; x_wconf 71' lang='lat'>5.</span> 
     </span>
    </p>

    <p class='ocr_par' dir='ltr' id='par_1_11' title="bbox 427 2743 1046 2780">
     <span class='ocr_line' id='line_1_60' title="bbox 427 2743 1046 2780; baseline 0.002 -9"><span class='ocrx_word' id='word_1_429' title='bbox 427 2751 443 2778; x_wconf 78' lang='grc'>3</span> <span class='ocrx_word' id='word_1_430' title='bbox 467 2743 635 2780; x_wconf 53' lang='lat' dir='ltr'>(brem-os]</span> <span class='ocrx_word' id='word_1_431' title='bbox 671 2744 828 2773; x_wconf 75' lang='lat' dir='ltr'>Ccrcurus</span> <span class='ocrx_word' id='word_1_432' title='bbox 855 2749 919 2774; x_wconf 75' lang='lat' dir='ltr'>erat</span> <span class='ocrx_word' id='word_1_433' title='bbox 948 2755 1046 2780; x_wconf 56' lang='lat' dir='ltr'>,egenus</span> 
     </span>
    </p>
   </div>
  </div>
 </body>
</html>
