1877 3178
134 175 174 204 U.
192 175 228 204 C.
252 176 322 212 558.

130 217 168 247 A.
192 217 229 247 C.
253 226 322 253 214.

335 82 416 119 202
839 81 984 123 ΤΙΤΙ
1022 81 1198 123 LIVII

337 174 520 223 ‘tosque,
552 169 631 210 alia
660 185 766 211 nova
796 171 950 213 scelera
979 181 1071 228 post
1106 182 1281 213 mortem
1317 172 1483 228 tyranni
1518 171 1703 212 molitos:

338 225 496 281 ‘palam
526 226 672 282 primo,
701 243 831 283 quum
861 229 1007 270 clausis
1032 229 1362 270 Andranodorus
1392 228 1554 269 Insulae
1579 228 1707 284 portis

337 283 634 324 ‘hereditatem
664 285 781 340 regni
806 286 991 335 creverit,
1020 301 1211 342 quaeque
1238 294 1478 342 procurator
1505 293 1705 334 tenuerat,
1722 299 1740 330 5

338 345 436 395 ‘pro
470 340 641 382 domino
677 342 928 398 possederit;
970 343 1158 399 proditus
1190 343 1341 384 deinde
1375 343 1425 383 ab
1461 343 1522 392 iis,
1557 342 1629 398 qui
1663 342 1741 382 in6

337 403 349 420 ⁶
365 396 506 438 Insula
545 407 674 448 erant,
715 399 1003 440 circumsessus
1050 401 1100 441 ab
1147 400 1337 441 universa
1382 400 1558 449 civitate,
1601 414 1707 454 quae

338 454 649 496 ‘Achradinam
688 457 880 505 tenuerit,
914 457 1194 512 nequicquam
1233 457 1368 513 palam
1405 464 1528 512 atque
1569 465 1708 511 aperte

338 511 539 566 ‘petitum
560 527 749 568 regnum,
772 513 877 554 clam
906 523 948 555 et
975 514 1071 555 dolo
1095 515 1286 555 affectare
1312 523 1483 555 conatus
1508 513 1571 561 sit,
1594 521 1635 553 et
1655 528 1708 553 ne

338 574 349 591 ⁶
364 569 567 610 beneficio
589 570 759 624 quidem
781 579 905 626 atque
927 571 1082 612 honore
1104 572 1286 627 potuerit
1306 571 1427 620 vinei,
1451 585 1578 625 quum
1601 569 1709 610 inter
1725 584 1742 616 7

338 625 599 667 ‘liberatores
630 628 785 682 patriae
817 627 1031 669 insidiator
1062 629 1149 684 ipse
1182 629 1381 669 libertatis
1414 636 1573 668 creatus
1604 635 1710 667 esset

339 688 536 738 ‘praeton
601 683 685 725 Sed
720 685 878 725 animos
910 685 958 726 iis
994 686 1128 740 regios
1160 687 1290 741 regias
1322 685 1518 740 coniuges
1552 684 1742 732 fecisse‚8

338 739 481 780 ‘alteri
512 740 721 790 Hieronis,
753 741 869 782 alteri
904 742 1089 792 Gelonis,
1121 743 1225 783 filias
1256 743 1430 798 nuptas.’
1492 741 1578 782 Sub
1602 741 1710 781 hanc

336 812 480 837 vocem
501 813 555 838 ex
575 798 765 839 omnibus
786 799 969 854 partibus
990 800 1200 840 concionis
1221 800 1374 840 clamor
1395 799 1535 848 oritur,
1554 797 1711 838 nullam

337 868 479 894 earum
499 854 635 895 vivere
657 855 822 904 debere,
840 871 918 897 nec
940 872 1191 912 quemquam
1209 872 1417 913 superesse
1441 865 1711 912 tyrannorum

336 911 484 966 stirpis.
548 911 666 952 Haec
682 921 828 953 natura
844 913 1122 954 multitudinis
1143 922 1226 963 est3
1259 923 1331 955 aut
1346 914 1469 954 servit
1485 912 1709 960 humiliter,

336 977 407 1008 aut
439 969 613 1023 superbe
647 969 906 1010 dominatur:
944 970 1189 1020 libertatem,
1225 987 1330 1027 quae
1360 970 1499 1011 media
1528 978 1601 1018 est,
1633 984 1743 1014 nec9

336 1039 528 1079 spernere
558 1026 733 1075 modice,
755 1041 833 1067 nec
861 1027 1011 1068 habere
1040 1028 1196 1069 sciunt:
1231 1038 1272 1068 et
1298 1043 1383 1069 non
1407 1028 1534 1068 ferme
1560 1027 1712 1067 desunt

337 1081 488 1121 irarum
506 1082 770 1137 indulgentes
791 1083 979 1132 ministri,
994 1085 1066 1138 qui
1088 1085 1227 1125 avidos
1248 1094 1371 1140 atque
1388 1085 1711 1139 intemperantes
1727 1098 1739 1119 1

336 1137 592 1192 plebeiorum
614 1140 772 1179 animos
793 1140 845 1179 ad
866 1141 1109 1195 sanguinem
1130 1152 1172 1182 et
1192 1142 1338 1182 caedes
1358 1142 1532 1182 irritent.
1596 1141 1713 1181 Sicut

130 1202 231 1238 stirps
244 1200 326 1239 regia
340 1204 426 1234 tum
448 1195 658 1250 extemplo
678 1205 887 1250 praetores
912 1198 1168 1252 rogationem
1197 1198 1533 1253 promulgarunt:
1568 1212 1712 1252 accep-

129 1243 324 1273 interficitur.

134 1772 247 1800 Preces
259 1770 323 1800 He-

131 1814 253 1842 molt—ac

134 1855 224 1886 llier.
243 1855 303 1885 Fil.

339 1260 461 1307 taque
492 1268 624 1307 paene
654 1267 780 1308 prius,
807 1269 931 1308 quam
959 1254 1230 1309 promulgata,
1257 1264 1329 1304 est,
1362 1264 1408 1295 ut
1438 1254 1571 1295 omnis
1600 1255 1714 1309 regia

336 1309 456 1364 stirps
491 1310 814 1350 interficeretur:
858 1311 1052 1366 missique
1089 1327 1112 1352 a
1150 1313 1405 1367 praetoribus
1444 1312 1712 1352 Damaratam

339 1365 546 1413 Hieronis,
570 1376 611 1407 et
634 1366 907 1408 Harmoniam
932 1368 1106 1409 Gelonis
1126 1369 1241 1418 filias,
1264 1370 1460 1424 coniuges
1489 1368 1712 1409 Andrano-

339 1422 428 1462 dori
449 1432 491 1463 et
512 1423 731 1472 Themisti,
754 1424 1062 1466 interfecerunt.

398 1479 600 1520 Heraclea
630 1490 717 1521 erat
746 1481 831 1521 filia
857 1481 1065 1531 Hieronis,
1092 1499 1197 1524 uxor
1230 1484 1382 1539 Zoippi
1398 1500 1408 1533 3
1441 1483 1526 1539 qui,
1554 1483 1712 1538 legatus

338 1537 389 1576 ab
412 1535 672 1592 Hieronymo
699 1537 752 1578 ad
779 1553 917 1593 regem
940 1539 1225 1581 Ptolemaeum
1254 1541 1412 1590 missus,
1434 1540 1711 1581 voluntarium

338 1593 590 1634 consciverat
610 1594 812 1635 exsilium.
876 1595 938 1635 Ea
959 1612 1087 1651 quum
1114 1598 1166 1638 ad
1191 1613 1231 1638 se
1254 1614 1421 1653 quoquc
1443 1597 1575 1638 veniri
1595 1611 1710 1652 prae-
1726 1612 1742 1632 2

338 1650 489 1699 scisset,
512 1650 555 1690 in
576 1652 795 1691 sacrarium
821 1652 873 1691 ad
898 1662 1066 1707 penates
1094 1655 1291 1710 confugit,
1314 1671 1409 1695 cum
1430 1655 1589 1695 duabus
1610 1653 1712 1694 filia-

338 1707 413 1747 bus
433 1707 672 1762 virginibUS,
694 1708 882 1749 resolutis
904 1710 1096 1759 crinibus,
1120 1711 1424 1766 miserabilique
1446 1711 1525 1751 alio
1547 1711 1707 1751 habitu:

338 1772 379 1804 et
403 1764 455 1804 ad
480 1780 528 1805 ea
555 1764 714 1805 addidit
741 1781 895 1820 preces,
918 1782 1029 1807 nunc
1057 1783 1131 1822 per
1158 1768 1398 1808 memoriam
1421 1768 1618 1808 Hieronis
1639 1780 1742 1822 pit-3

338 1821 421 1870 tris,
442 1821 698 1876 Gelonisque
714 1822 869 1871 fratris3
895 1828 905 1845 ‘
919 1839 971 1863 ne
993 1839 1034 1864 se
1056 1825 1267 1865 innoxiam
1290 1825 1445 1865 invidia
1462 1824 1711 1880 Hieronymi

339 1884 350 1902 ⁶
367 1878 616 1933 conflagrare
638 1879 830 1920 sinerent.
894 1880 1013 1920 Nihil
1034 1896 1075 1921 se
1097 1897 1149 1922 ex
1170 1897 1297 1937 regno
1319 1882 1439 1931 illius,
1456 1889 1619 1937 praeter
1639 1895 1711 1921 ex-

381 2018 397 2046 5
422 2008 637 2038 Hereditatem
656 2010 746 2047 reyni
762 2010 912 2046 eret-erit]
938 2010 1002 2039 He-

337 2051 499 2080 reditatem
523 2061 651 2080 cernere
672 2054 717 2079 est
740 2051 864 2089 proprie
885 2051 1002 2080 delibe-

1049 2010 1145 2048 perio,
1158 2014 1191 2039 ut
1208 2014 1316 2039 tamen
1332 2020 1395 2039 non
1411 2011 1583 2040 descendat
1598 2010 1638 2040 ad
1655 2011 1711 2041 hu-

1047 2051 1123 2081 mile
1139 2062 1175 2082 ac
1192 2053 1332 2081 deforme
1348 2052 1543 2091 obsequium.
1568 2053 1672 2084 CREV.

338 2103 418 2127 rnre,
430 2100 535 2121 utrum
553 2102 622 2121 eam
640 2092 774 2121 velimus
789 2093 875 2122 adire
891 2103 1003 2130 necne,

340 2135 424 2164 unde
447 2136 542 2165 cretio
568 2134 684 2164 dicitur
713 2135 851 2173 spatium
882 2139 1003 2174 tempo-

340 2176 390 2212 ris,
413 2177 496 2214 quod
524 2177 564 2206 ad
592 2176 622 2205 id
647 2176 887 2206 deliberandum
912 2178 1005 2206 datur

340 2218 446 2248 heredi
464 2229 481 2247 11
497 2222 662 2254 testatore3
683 2219 808 2255 deinde,
822 2219 906 2257 quod
922 2219 1004 2248 hanc

340 2260 601 2290 deliberationem
636 2262 700 2290 fere
736 2261 886 2299 sequitur,
916 2261 1003 2290 illam

340 2303 435 2332 adire.
468 2303 506 2332 cf.
531 2303 655 2332 Ernest.
681 2303 770 2333 Clav.
794 2303 895 2334 Cicer.
920 2303 1004 2332 Peri-

341 2356 408 2375 zon.
438 2346 479 2375 ad
510 2345 628 2375 Sanctii
662 2345 798 2375 Minerv.
832 2347 1004 2385 780—795.

343 2388 426 2417 RUP.

383 2428 402 2459 6
425 2431 492 2459 Pro
507 2430 645 2467 domino]
664 2429 832 2468 Tanquam
849 2429 1005 2460 dominus.

342 2472 445 2502 Cum.

387 2521 401 2551 7
433 2514 537 2550 Vinci]
570 2513 673 2543 Flecti
699 2514 739 2543 ad
766 2518 944 2552 respectum
971 2514 1005 2543 li-

343 2555 471 2585 bertatis
485 2565 689 2593 amoremque
713 2556 844 2594 patriae,
860 2560 890 2586 et
907 2557 1006 2586 deter-

344 2597 400 2625 reri
417 2608 434 2625 11
451 2598 622 2635 tyrannicis
638 2597 784 2629 consiliis
806 2600 910 2629 CnEv.

386 2639 404 2665 8
427 2641 452 2666 A
462 2641 558 2669 nimos
584 2641 622 2668 iis·
646 2641 762 2678 regnos]
802 2640 934 2670 Animos
958 2651 1002 2670 re-

344 2680 459 2715 gnandi
475 2681 590 2710 avidos.
616 2682 719 2711 011151.

387 2732 405 2759 1)
432 2722 613 2751 lihcrlutrnz
613 2744 707 2751 .....
706 2734 715 2750 4
715 2734 853 2761 peracre
872 2726 1001 2761 modice]

348 2762 538 2791 Libertatem
562 2763 585 2792 is
607 2765 729 2793 modice
746 2766 875 2803 spernit..
891 2767 943 2803 qui
962 2766 1003 2795 1111

346 2815 377 2833 se
393 2804 567 2833 subiectum
585 2816 649 2834 esse
667 2806 784 2842 patitur
799 2808 927 2836 ulterius
949 2808 1002 2836 1111-

1098 2104 1108 2123 1
1136 2096 1389 2133 Intemperantes
1421 2096 1611 2133 plebeiorum
1642 2096 1711 2125 ani-

1048 2137 1127 2173 mos]
1155 2137 1227 2165 Vox
1247 2138 1438 2175 plebeiormn
1461 2142 1506 2166 est
1527 2138 1566 2165 ab
1586 2136 1711 2175 ingenio

1049 2179 1298 2208 emendatorum.
1334 2178 1449 2217 Scripti
1462 2179 1512 2208 hie
1525 2189 1634 2208 omnes
1647 2189 1711 2208 cor-

1048 2220 1153 2259 rupti;
1176 2221 1229 2250 sed
1249 2221 1292 2249 ita
1311 2224 1346 2249 ut
1364 2232 1383 2250 11
1401 2231 1467 2250 sese
1490 2221 1624 2250 invicem
1648 2231 1711 2250 non

1048 2263 1186 2291 multum
1210 2262 1391 2293 discedant:
1416 2264 1638 2302 putat-iorum,
1661 2264 1711 2293 vel

1046 2305 1269 2343 pluhieiornnz.
1300 2306 1349 2334 vel
1386 2305 1473 2334 11111111
1503 2305 1579 2343 quid
1609 2305 1712 2335 simile

1050 2348 1241 2385 praeferunt.
1287 2347 1379 2377 Solus
1407 2347 1524 2377 Victor.
1552 2348 1652 2377 codex
1679 2347 1711 2377 id

1049 2388 1145 2418 habet
1168 2389 1251 2427 quod
1276 2399 1386 2418 sanum
1412 2389 1508 2419 videri
1533 2389 1641 2428 possit,
1663 2391 1710 2419 inf

1050 2435 1257 2469 lenzperantes
1271 2433 1497 2470 suppliciorum
1512 2444 1521 2461 .·
1546 2431 1598 2470 qui
1614 2433 1711 2462 semel

1050 2473 1173 2502 accensi
1196 2474 1235 2502 1111
1260 2474 1433 2510 saevitiam,
1448 2474 1573 2503 nullum
1592 2473 1711 2513 suppli-

1051 2515 1106 2545 ciis
1121 2516 1252 2545 modum
1268 2516 1371 2546 facere
1387 2517 1496 2546 sciant.
1522 2516 1626 2546 CREV.

1094 2567 1109 2587 ¹2
1140 2559 1246 2588 Ventri
1259 2559 1461 2597 praescisset]
1489 2558 1541 2588 Ita
1556 2568 1612 2597 pro
1628 2559 1709 2597 vulg.

1051 2602 1156 2630 venire
1173 2600 1353 2629 emendavit
1372 2600 1510 2630 Gronov.

1090 2651 1106 2679 3
1124 2644 1222 2672 *Vane
1237 2653 1295 2681 per
1312 2644 1505 2679 memoriam]
1524 2644 1630 2672 ssVunc.
1644 2642 1708 2672 h.e.

1049 2684 1160 2721 primo,
1172 2684 1228 2713 sibi
1241 2688 1275 2713 ut
1287 2688 1477 2723 parceretur,
1484 2685 1623 2723 rogabat,
1633 2688 1709 2718 tum,

1049 2726 1169 2755 omissis
1200 2737 1255 2764 pro
1285 2737 1317 2756 se
1347 2726 1501 2764 precibus,
1532 2724 1645 2764 puellis
1674 2727 1709 2754 ut

1050 2768 1159 2797 saltem
1178 2772 1354 2806 parcerent.
1370 2778 1456 2798 orare
1472 2767 1593 2797 institit.
1615 2766 1687 2796 STR.
