1871 3178
504 101 628 142 LIB.
663 100 832 142 XXIV.
880 100 1012 141 CAP.
1048 105 1084 142 9.

113 198 391 246 ‘magnopere
421 192 589 240 suadeo,
616 191 764 232 codem
795 191 947 239 animo,
971 205 1069 245 quo,
1098 190 1129 229 si
1160 191 1364 230 stantibus
1386 191 1500 231 vobis
1520 201 1559 231 ι’.
1577 202 1614 230 (·.
1638 210 1709 239 537-

113 252 124 271 ‘
141 248 184 287 in
206 248 338 288 aciem
356 249 521 289 armatis
544 258 714 304 repente
732 247 945 302 deligendi
963 247 1047 287 duo
1066 247 1333 302 imperatores
1351 258 1498 297 essent,
1517 244 1553 274 Α·
1578 245 1615 273 (3.
1641 252 1708 281 2¹5·

113 310 315 360 ‘quorum
345 306 473 346 (luctu
503 316 627 361 atque
660 305 844 360 auspicio
875 304 1140 352 diinicarctis,
1176 303 1298 343 hodie
1332 320 1499 359 quoquc

81 362 330 403 s‘consulcs
360 364 533 404 creetis:
568 363 719 418 quibus
747 370 1005 402 sacramento
1037 361 1154 401 liberi
1186 361 1314 400 nostri
1347 360 1499 408 dicant,

114 425 125 442 ‘
141 419 194 460 ad
220 435 397 474 quorum
420 420 605 461 edictum
634 419 898 467 conveniant,
922 420 998 459 sub
1021 433 1200 473 quorum
1224 418 1354 458 tutela
1375 427 1500 473 atquc

81 482 240 521 9‘cura
272 477 463 517 militent.
527 477 663 518 Lacus
694 477 966 516 Trasimenus
1001 485 1043 516 et
1078 476 1251 516 Cannae
1286 475 1417 515 tristia
1449 476 1501 515 ad

86 552 95 571 1
115 533 467 574 ‘recordationem
491 533 694 589 exempla,
717 533 790 574 sed
813 533 864 573 ad
893 533 1226 589 praecavendum
1255 532 1387 573 simile
1411 532 1500 572 utili

115 591 392 631 ‘documento
420 600 527 632 sunt.
590 591 760 640 Praeco,
787 591 1016 631 Aniensem
1046 590 1256 630 iuniorum
1285 590 1327 630 in
1357 590 1500 630 suffra-

115 655 124 671 ‘
138 648 253 703 glum
276 649 446 689 revoca.'

174 706 317 752 Quum
342 706 391 745 T.
411 705 616 746 Otacilius
636 705 839 755 ferociter,
863 721 958 746 eum
977 705 1221 746 contiiiuare
1239 704 1500 745 consulatum
1593 706 1629 741 9.

115 761 234 810 velle,
258 763 550 803 vociferaretur
570 771 695 817 atque
719 763 988 818 obstreperet,
1007 763 1172 803 lictores
1193 762 1246 802 ad
1267 777 1364 802 eum
1385 777 1501 802 acce-

113 819 212 860 dere
235 819 378 859 consul
401 820 539 859 iussit:
573 829 628 867 et,
652 820 751 874 quia
772 820 815 859 in
846 821 991 860 urbem
1014 835 1099 860 non
1128 820 1292 869 inierat,
1313 819 1502 874 protinus

84 876 156 917 zin
185 891 377 931 campum
406 891 458 916 ex
488 877 634 917 itinere
663 877 885 932 profectus,
909 877 1140 926 admonuit,
1163 892 1260 916 cnm
1289 877 1503 917 securibus

112 933 190 973 sibi
211 933 339 973 fasces
360 933 568 988 praeferri.
633 934 791 975 Iterum
821 934 1106 990 praerogativa
1134 934 1374 989 suffragium
1396 934 1474 973 init
1492 949 1501 980 3

113 990 324 1045 creatique
348 991 390 1030 iu
419 1006 468 1031 ea
492 991 683 1032 consules
716 992 768 1039 Q.
787 991 939 1032 Fabius
969 991 1184 1032 Maximus
1206 1000 1415 1046 quartum,
1440 990 1501 1030 M.

115 1046 341 1088 Marcellus
382 1048 562 1088 tertium.
633 1048 816 1090 Eosdem
857 1048 1048 1089 consules
1089 1057 1249 1089 ceterae
1291 1048 1503 1088 centuriae

114 1104 202 1145 sine
226 1105 451 1146 variatione
474 1105 558 1145 ulla
578 1105 789 1146 dixerunt.
854 1105 909 1146 Et
930 1115 1096 1160 praetor
1118 1121 1224 1145 unus
1246 1105 1423 1145 refectus
1449 1104 1501 1152 Q.

84 1161 285 1202 3Fulvius
314 1162 512 1202 Flaccus:
548 1163 644 1202 novi
667 1163 736 1202 alii
765 1163 906 1211 creati,
931 1163 980 1202 T.
1004 1162 1207 1203 Otacilius
1232 1162 1405 1202 Crassus
1428 1162 1505 1201 ite-

115 1234 220 1267 rum,
248 1219 300 1266 Q.
321 1219 471 1259 Fabius
493 1219 674 1259 consulis
703 1220 824 1267 filius,
848 1219 919 1274 qui
943 1228 1031 1259 tum
1063 1219 1207 1259 aedilis
1229 1219 1382 1259 curulis
1403 1227 1503 1267 crat,

116 1275 162 1316 P.
186 1274 409 1315 Cornelius
439 1275 655 1316 Lentulus.
722 1276 917 1316 Comitiis
941 1285 1179 1331 praetorum
1208 1276 1413 1331 perfectis,
1442 1291 1506 1316 se-

116 1332 475 1373 natusconsultum
507 1333 663 1373 factum
696 1342 769 1382 est,
804 1339 877 1373 ‘ut
913 1333 964 1380 Q.
986 1333 1132 1373 Fulvio
1164 1342 1283 1373 extra
1315 1333 1505 1373 ordinem

86 1390 300 1430 4‘urbana
330 1390 545 1445 provincia
573 1399 701 1431 esset:
736 1391 852 1445 isque
881 1391 1156 1445 potissimum,
1187 1390 1425 1431 consulibus
1455 1389 1507 1429 ad

118 1446 298 1487 ‘bellum
326 1447 534 1502 profectis,
565 1448 656 1487 urbi
684 1448 918 1503 p1·aeesset.⁷
978 1447 1129 1502 Aquae
1159 1462 1332 1502 magnac
1363 1447 1426 1487 bis
1457 1462 1506 1487 co

116 1519 227 1544 anno
267 1504 459 1544 fuerunt:
514 1504 762 1559 Tiberisque
800 1519 918 1559 agros
958 1504 1180 1544 inundavit
1219 1519 1315 1544 cum
1356 1519 1508 1559 magna

116 1569 250 1615 strage
274 1570 490 1610 tectorum,
513 1576 797 1616 pecorumque
820 1570 862 1601 et
883 1561 1102 1601 hominum
1125 1561 1322 1616 pernicie.

179 1618 340 1666 Quinto
371 1633 481 1658 anno
513 1618 686 1658 secundi
714 1617 867 1658 Punici
895 1618 1006 1667 belli,
1038 1617 1090 1665 Q.
1111 1618 1264 1658 Fabius
1293 1617 1508 1658 Maximus
1526 1625 1566 1655 lf.
1584 1625 1620 1655 C·
1646 1627 1717 1663 53⁸-

117 1683 325 1730 quartum,
356 1675 417 1715 M.
446 1674 649 1715 Claudius
682 1674 907 1715 Marcellus
939 1675 1122 1724 tertium,
1152 1675 1413 1716 consulatum
1445 1676 1509 1715 in-
1523 1668 1560 1744 ὲ·
1585 1668 1716 1739 gallici*

117 1740 276 1781 euntes,
318 1731 410 1787 plus
451 1731 572 1772 solito
613 1741 905 1773 converterant
945 1732 988 1772 in
1030 1747 1072 1772 se
1114 1732 1292 1773 civitatis
1333 1733 1505 1773 animos.
1524 1734 1586 1782 Ῑχῗῃ
1605 1752 1652 1781 M.

119 1788 267 1829 Multis
295 1789 409 1829 enim
431 1789 551 1829 annis
572 1789 652 1829 tale
674 1789 894 1830 consulum
923 1805 997 1845 par
1018 1805 1104 1830 non
1124 1790 1271 1830 fuerat.
1336 1790 1509 1830 Refere-
1524 1793 1681 1848 Marcello

87 1859 104 1889 5
118 1846 218 1887 bant
238 1861 370 1896 senes,
393 1846 451 1886 sic
474 1845 713 1887 Maximum
738 1846 913 1887 Rullum
935 1862 1031 1887 cum
1053 1846 1100 1888 P.
1121 1847 1256 1888 Decio
1278 1846 1331 1888 ad
1353 1846 1509 1888 bellum
1525 1837 1593 1867 HI·
1612 1836 1699 1868 ‘2⁰⁵³'

1423 106 1498 142 185

160 1972 179 2002 8
203 1973 326 2008 Quibus
339 1973 553 2009 sacramento]
593 1972 741 2007 Quorum
758 1971 790 2001 in

836 1972 894 2001 bus
912 1971 1051 2011 illigatas
1073 1972 1221 2003 habebat.
1270 1973 1386 2011 Itaque
1401 1974 1510 2004 admo-

120 2014 215 2055 verba
231 2013 320 2044 liberi
339 2014 432 2044 vestri
449 2014 564 2049 iurent,
580 2013 717 2044 sollenni
734 2013 790 2043 mi-

836 2019 889 2044 net
902 2014 1090 2051 Otacilium,
1103 2026 1136 2045 se
1149 2014 1181 2044 in
1194 2025 1268 2044 eum
1286 2015 1393 2044 statim
1409 2016 1509 2045 anim-

119 2055 208 2086 litiae
245 2060 444 2086 sacramento
481 2067 514 2086 se
551 2056 790 2094 obstringentes.

120 2098 229 2128 Notae
246 2098 387 2137 phrases,
401 2103 599 2130 sacrmnento
614 2099 729 2134 dicere,
744 2109 791 2129 ro-

116 2142 202 2179 yari,
218 2142 315 2180 adigi.
341 2142 447 2172 CREV.

161 2193 181 2223 9
208 2184 325 2213 Tristia
351 2184 394 2212 acl
418 2184 664 2214 recordationem
691 2193 791 2213 emem-

118 2226 192 2264 pla]
224 2225 278 2254 Ita
295 2225 436 2256 Gronov.
454 2235 510 2264 pro
528 2226 612 2264 vulg.
630 2226 719 2256 triste
736 2249 743 2255 .
761 2248 768 2255 .
785 2248 792 2254 .

120 2268 295 2305 aremplar,
311 2268 397 2305 quod
413 2267 533 2298 Stroth.
553 2270 666 2298 servat.

169 2318 179 2337 1
200 2311 225 2337 Α
233 2309 254 2337 (ἰ
267 2311 525 2347 praecavendum
539 2310 641 2339 simile
657 2310 729 2338 utili
743 2310 791 2339 do*

121 2351 282 2387 eumenio]
317 2352 371 2379 Ad
396 2352 636 2389 praecavendas
666 2352 794 2388 similes,

122 2393 189 2421 sub.
204 2392 322 2428 clades,
335 2393 428 2422 utiles
442 2393 634 2423 documento.
652 2393 793 2423 S'rROTn.

123 2435 176 2463 Ac!
196 2435 432 2472 praecavendos
453 2435 569 2464 similes
589 2435 684 2464 duces
702 2435 794 2464 doca-

125 2480 237 2509 menlo,
264 2486 303 2506 ex
329 2475 463 2506 conicet.
489 2476 629 2506 Gronov.
653 2476 795 2514 reposuit

125 2518 264 2548 Bekker.
311 2518 374 2548 Sed
402 2518 567 2548 Drakenb.
596 2521 627 2546 et
654 2517 794 2547 Crevier.

124 2570 197 2590 eum
217 2559 378 2598 Kreyssig.
396 2559 529 2590 faciunt.

170 2612 183 2632 2
209 2603 288 2632 Cum
310 2603 475 2632 securibus
496 2602 554 2631 siba·
570 2603 679 2639 fasces
699 2611 793 2640 prae-

116 2645 342 2683 ferriLIntra
358 2645 467 2673 urbem
484 2653 610 2674 secures
627 2653 690 2672 non
708 2653 795 2682 prae-

124 2687 306 2716 ferebantur
318 2685 502 2716 consulibus
518 2696 556 2715 ex
574 2685 720 2715 instituto
732 2685 795 2714 Va-

124 2728 192 2759 lerii
212 2728 408 2758 Publicolae.
455 2730 497 2758 At
518 2727 647 2764 Fabius,
668 2727 721 2766 qui
747 2738 793 2756 ur-

124 2772 196 2801 bem
214 2782 277 2801 non
300 2770 425 2808 inierat,
442 2781 495 2801 eas
511 2770 688 2800 etiamnum
704 2769 793 2800 fasci-

836 2057 1001 2086 advertere
1027 2067 1129 2095 posse,
1145 2057 1169 2085 si
1193 2057 1226 2086 iu
1250 2057 1452 2088 contumacia
1473 2068 1510 2088 ac

836 2099 954 2128 fei-ocia
971 2102 1161 2138 perseveret.
1186 2100 1292 2129 CREV.

881 2151 898 2179 3
921 2143 1007 2171 A'ove'
1031 2142 1088 2170 aliz·
1111 2142 1227 2178 creati]
1257 2143 1343 2171 .Vovi
1367 2146 1430 2172 tres
1453 2143 1510 2172 alii

837 2185 937 2214 creati
968 2194 1007 2213 ex
1039 2184 1165 2213 emend.
1197 2183 1339 2214 Gronov.
1370 2184 1511 2223 reposuit

840 2225 981 2256 Bekker.

882 2280 900 2305 4
922 2269 1053 2299 Urbana
1067 2269 1253 2306 prot-incia]
1276 2268 1511 2298 sc.1urisdictio

838 2309 870 2339 in
885 2310 971 2340 urbe.
999 2311 1176 2340 Provincia
1188 2310 1272 2339 enim
1287 2310 1458 2340 universim
1472 2311 1512 2340 de

839 2352 950 2389 qum'is
969 2351 1097 2391 negotio
1114 2352 1244 2391 publico
1260 2352 1511 2382 administrando

839 2393 966 2430 dicitur,
988 2398 1019 2423 et
1043 2395 1082 2423 de
1102 2395 1272 2432 provincia
1295 2395 1421 2423 'urbana
1446 2404 1512 2424 sae-

840 2435 912 2473 pius
926 2446 977 2474 ap.
997 2435 1124 2465 Livium
1145 2435 1265 2465 mentio
1282 2436 1366 2465 facta
1383 2440 1439 2465 est.
1472 2437 1511 2466 cf.

840 2477 966 2515 Fragm.
985 2477 1062 2515 legis
1078 2477 1216 2506 Thoriae
1232 2487 1282 2515 ap.
1301 2477 1451 2516 Pighmm
1472 2478 1512 2508 ad

839 2529 912 2548 ann.
933 2519 974 2548 U.
988 2517 1108 2556 [2646.
1146 2520 1253 2548 Eoelra
1276 2521 1417 2550 ordinem
1439 2530 1512 2550 vero

839 2564 917 2596 erat,
949 2560 1078 2598 quando
1115 2570 1218 2599 neque
1257 2561 1377 2598 sortito,
1408 2572 1512 2601 neque

840 2603 1056 2640 comparando
1082 2608 1242 2640 praetores
1271 2603 1354 2633 inter
1379 2614 1411 2634 se
1439 2614 1511 2634 con-

843 2644 997 2674 venirent.

885 2696 901 2724 5
925 2687 977 2716 Sic
1006 2687 1186 2716 illavimum
1214 2688 1346 2718 Rullum
1373 2700 1443 2718 cum
1472 2691 1511 2720 l).

839 2729 954 2765 Decio]
980 2727 1024 2757 Hi
1042 2729 1188 2759 consules
1200 2730 1327 2760 fuerunt
1346 2731 1512 2771 U.C.457·.

845 2770 882 2801 cf.
898 2780 983 2810 supr.
1000 2780 1031 2801 x.
1052 2780 1098 2808 ²4·
