1877 3178
369 95 451 133 452
877 87 1025 128 TITI
1068 86 1245 127 LIVH

170 183 211 213 U.
229 183 266 213 C·
289 191 358 221 547·
374 188 383 204 ⁵
402 181 485 221 Hie
507 179 630 221 modo
651 178 756 219 nihil
777 192 915 218 morae
938 177 1001 226 sit,
1024 192 1108 217 una
1128 185 1170 217 et
1190 176 1395 217 traiecisse
1417 190 1483 216 me
1505 175 1692 224 audictis,
1711 182 1753 215 et

166 227 204 255 A.
229 225 267 255 β·
291 233 386 263 ²⁰³⁶
403 237 546 278 ardere
577 236 687 277 bello
710 235 907 283 Africam,
930 242 972 274 et
997 233 1238 273 molientem
1268 233 1366 272 hinc
1396 231 1689 280 Hannibalem,
1711 240 1754 272 et

376 300 387 318 ‘
403 294 583 335 obsideri
626 291 936 347 Carthaginem.
1019 290 1233 330 Laetiores
1279 298 1321 329 et
1361 289 1661 343 frequentiores
1701 302 1754 328 ex

376 356 388 374 ‘
404 351 548 391 Africa
568 357 803 404 exspectate
825 347 1006 395 nuntios,
1029 361 1154 401 quam
1176 361 1228 386 ex
1252 345 1457 400 Hispania
1477 344 1752 399 accipiebatis.

377 412 388 430 ⁶
403 407 492 447 Has
513 407 616 446 mihi
632 421 724 461 spes
744 404 910 445 subiicit
929 403 1096 443 fortuna
1116 402 1259 457 populi
1282 401 1475 450 Romani,
1498 401 1554 440 dii
1577 400 1755 441 foederis

378 465 453 504 ‘ab
481 464 599 503 hoste
626 462 765 502 violati
796 470 930 508 testes,
965 459 1135 515 Syphax
1165 467 1207 499 61
1234 458 1456 498 Masinissa
1478 472 1618 512 reges:
1653 471 1786 512 quo—3

378 526 496 561 ‘rum
526 535 602 574 ego
633 519 733 559 fidei
763 519 821 558 ita
850 517 1015 564 innitar,
1042 525 1089 555 ut
1121 516 1227 555 bene
1259 523 1372 554 tutus
1404 529 1427 554 a
1458 513 1633 569 perfidia
1664 513 1753 553 sim.

378 576 556 625 ς1ῪΙ111111,
591 590 697 631 quae
738 588 851 614 nunc
890 588 943 613 ex
983 571 1200 612 intervallo
1240 586 1326 611 non
1356 579 1568 625 apparent,
1599 570 1756 610 bellum

379 638 390 656 ⁶
403 633 575 688 aperiet:
605 641 646 672 61
660 631 703 671 id
717 640 777 671 est
789 630 922 670 viriet
935 629 1065 677 ducis,
1080 644 1165 668 11011
1183 628 1324 668 deesse
1339 628 1526 667 fortunae
1542 626 1758 681 praebenti

379 694 459 739 ‘se,
495 698 537 729 et
576 688 713 729 oblata
752 702 848 728 casu
887 686 1053 726 flectere
1087 685 1139 724 ad
1180 684 1409 724 consilium.
1474 683 1664 731 Habebo,
1702 682 1755 729 Q.

380 746 520 794 ‘Fabi,
551 760 706 800 parem,
738 758 864 799 quem
895 742 980 790 das,
1014 741 1321 788 Hannibalem3
1365 740 1438 780 sed
1470 739 1588 779 illum
1620 739 1758 794 potius

379 807 482 857 ‘ego
510 801 681 849 traham,
705 815 828 855 quam
858 799 926 838 ille
956 813 1021 838 mc
1050 798 1236 838 retincat.
1300 797 1349 836 In
1379 812 1452 837 sua
1479 805 1587 837 terra
1614 810 1759 851 cogam

380 864 588 914 ‘pugnare
617 872 726 905 eum,
749 867 791 896 et
816 855 1027 909 Carthago
1055 854 1285 909 praemium
1306 853 1500 894 victoriae
1522 853 1611 901 erit,
1634 866 1759 907 quam

380 915 603 955 ‘semiruta
643 913 904 952 Bruttiorum
945 911 1121 951 castella.
1185 910 1253 950 Ne
1293 910 1397 964 quid
1436 910 1616 957 interim,
1658 909 1760 948 dum

381 971 576 1018 ‘traiicio,
605 969 707 1008 dum
734 982 900 1022 expono
929 967 1158 1007 exercitum
1187 967 1231 1006 111
1253 967 1408 1014 Africa,
1435 966 1534 1005 dum
1557 974 1687 1006 castra
1707 964 1761 1005 ad

381 1033 392 1050 ‘
412 1026 711 1081 Carthaginem
740 1038 977 1078 promoveo,
1000 1023 1232 1077 respublica
1259 1023 1327 1062 hic
1349 1022 1590 1062 detrimenti
1612 1022 1758 1076 capiat,

381 1089 393 1106 ‘
409 1083 522 1138 quod
551 1091 608 1130 tu,
636 1081 688 1128 Q,
705 1080 820 1129 Fabi,
844 1094 974 1135 quum
1004 1079 1135 1119 vietor
1162 1087 1248 1119 tota
1276 1078 1395 1118 Italia
1422 1079 1612 1118 volitaret
1640 1078 1761 1118 Han-

381 1139 531 1188 ‘nibal,
557 1137 729 1194 potuisti
760 1145 981 1192 praestare,
1007 1135 1086 1176 hoe
1114 1135 1209 1175 vide
1237 1150 1290 1175 ne
1319 1134 1665 1175 contumeliosum
1693 1135 1760 1183 sit,

381 1202 605 1236 ‘concusso
627 1195 708 1234 iam
730 1203 772 1234 et
792 1208 924 1248 paene
948 1192 1077 1232 fracto
1100 1191 1350 1240 Hannibale,
1376 1206 1542 1246 negare,
1564 1205 1682 1246 posse
1711 1190 1758 1231 P.

381 1258 393 1276 ‘
407 1252 618 1293 Licinium
637 1250 864 1298 consulem,
883 1249 1017 1290 virum
1038 1248 1319 1296 fortissimum,
1342 1258 1570 1302 praestare:
1605 1247 1690 1302 qui,
1707 1261 1760 1287 ne
1775 1268 1794 1294 4

382 1315 393 1333 ‘
406 1324 430 1349 a
451 1309 574 1349 sacris
595 1308 700 1348 absit
713 1307 902 1362 pontifex
925 1306 1142 1353 maximus,
1161 1304 1256 1345 idco
1273 1305 1316 1344 in
1334 1313 1484 1344 sortem
1502 1313 1586 1344 tam
1599 1303 1763 1358 longin-

382 1372 513 1421 ‘quae
540 1365 776 1420 provinciae
806 1378 890 1403 non
918 1362 1044 1402 venit.
1110 1361 1166 1410 Si,
1192 1360 1373 1410 hercule,
1402 1360 1534 1401 nihilo
1562 1360 1763 1400 maturius

382 1422 498 1470 ‘hoc,
522 1437 605 1476 quo
627 1436 704 1476 ego
726 1435 888 1468 censeo,
907 1419 1030 1459 modo
1052 1419 1322 1473 perficeretur
1338 1417 1515 1466 bellum;
1549 1425 1689 1457 tamen
1710 1416 1763 1456 ad

383 1484 394 1502 ‘
410 1478 658 1533 dignitatem
686 1477 830 1532 populi
854 1476 1048 1523 Romani,
1072 1476 1305 1529 famamque
1328 1474 1439 1529 apud
1461 1488 1577 1529 reges
1598 1481 1763 1528 gentes-

384 1540 489 1588 ‘que
519 1542 710 1574 externas
738 1533 984 1586 pertinebat,
1009 1547 1094 1571 non
1115 1531 1167 1572 ad
1195 1530 1501 1571 defendendam
1528 1530 1652 1570 modo
1681 1529 1764 1569 Ita—

384 1596 395 1613 ‘
412 1589 522 1637 liam,
554 1589 627 1629 sed
654 1589 706 1628 ad
737 1587 953 1628 inferenda
980 1589 1105 1626 etiam
1132 1588 1299 1627 Africae
1331 1602 1455 1635 arma,
1486 1586 1619 1626 videri
1649 1586 1764 1626 vobis

384 1646 595 1686 ‘animum
624 1659 736 1691 6556;
769 1659 847 1683 nec
879 1643 958 1682 hoc
987 1642 1101 1683 credi
1126 1642 1383 1697 vulgarique,
1407 1642 1522 1697 quod
1551 1642 1764 1682 Hannibal

385 1708 396 1725 ‘
412 1716 534 1742 ausus
555 1701 618 1749 sit,
642 1700 853 1740 neminem
874 1699 1024 1738 ducem
1048 1699 1333 1738 Romanorum
1355 1700 1532 1746 audere3
1565 1708 1607 1739 61
1628 1699 1763 1753 priore

385 1764 396 1782 ‘
413 1758 575 1798 Punico
601 1756 722 1804 bello,
745 1764 834 1796 tum
856 1769 986 1809 quum
1008 1754 1059 1794 de
1085 1754 1225 1794 Sicilia
1246 1763 1484 1803 certaretur,
1508 1755 1629 1794 toties
1651 1755 1765 1794 Afri-

392 1820 506 1854 ς611111
537 1814 588 1854 ab
618 1812 767 1853 nostris
798 1810 1131 1864 exercitibusque
1161 1818 1203 1850 et
1229 1810 1425 1850 classibus
1456 1819 1761 1865 oppugnatam3

386 1876 536 1919 ‘nunc,
570 1884 700 1924 quum
741 1868 793 1908 de
830 1867 952 1907 Italia
987 1875 1178 1915 certetur,
1216 1866 1402 1906 Africam
1437 1878 1624 1922 paca-tam
1661 1881 1760 1907 esse.

386 1932 397 1950 ‘
413 1927 666 1981 Requiescat
686 1923 910 1979 aliquando
931 1932 1079 1963 vexata
1100 1931 1184 1962 tam
1212 1923 1285 1962 diu
1310 1922 1452 1963 Italia:
1487 1931 1629 1963 uratur
1649 1937 1763 1963 evas-

386 1989 605 2037 ‘teturque
637 1982 680 2021 in
711 1981 844 2021 vicem
872 1979 1024 2019 Africa.
1089 1978 1237 2019 Castra
1269 1978 1460 2019 Romana
1488 1979 1626 2034 potius
1660 1979 1763 2019 Car-

386 2046 397 2063 ‘
412 2039 591 2094 thaginis
615 2037 744 2093 portis
774 2036 1031 2084 immineant,
1061 2050 1187 2090 quam
1212 2049 1287 2075 nos
1315 2035 1466 2075 iterum
1491 2035 1644 2075 vallum
1668 2035 1763 2075 hos-

387 2096 516 2135 ‘tium
548 2110 600 2135 ex
631 2093 850 2134 moenibus
880 2092 1029 2132 nostris
1061 2091 1287 2132 videamus.
1350 2091 1494 2132 Africa
1527 2091 1579 2131 sit
1613 2091 1764 2146 reliqui

387 2151 512 2192 ‘belli
552 2151 696 2191 sedes:
748 2149 846 2189 illuc
888 2159 1018 2189 terror
1063 2148 1256 2202 fugaque,
1298 2147 1511 2203 populatio
1558 2162 1762 2202 agrorum,

387 2207 590 2247 ‘defectio
621 2206 838 2254 sociorum,
871 2213 1030 2245 ceterae
1062 2204 1159 2244 belli
1191 2204 1341 2253 clades,
1374 2218 1480 2259 quae
1511 2204 1555 2244 in
1585 2219 1660 2244 nos
1689 2219 1765 2260 per

387 2262 748 2318 ‘quattuordecim
790 2276 919 2301 annos
960 2261 1218 2314 ingruerunt,
1260 2269 1484 2301 vertantur.
1550 2259 1670 2308 Quae
1711 2260 1763 2301 ad
1797 2255 1803 2259 ’

387 2319 707 2374 ‘rempublicam
730 2318 952 2373 pertinent,
975 2326 1017 2356 et
1044 2316 1213 2366 bellum,
1236 2317 1350 2371 quod
1374 2317 1512 2365 instat,
1535 2325 1577 2357 et
1597 2317 1764 2372 provin-

388 2382 399 2400 (
413 2376 507 2425 cias,
530 2376 582 2416 de
604 2375 756 2430 quibus
777 2374 923 2428 agitur,
946 2373 1097 2413 dixisse
1120 2373 1215 2413 satis
1243 2381 1315 2413 est.
1378 2372 1455 2413 Illa
1474 2373 1599 2428 longa
1619 2373 1761 2423 oratio,

388 2439 492 2473 ‘nec
525 2432 578 2472 ad
610 2446 680 2471 vos
717 2431 929 2486 pertinens
964 2430 1029 2478 511,
1063 2429 1109 2478 51,
1143 2429 1497 2484 quemadmodum
1536 2430 1588 2477 Q.
1612 2429 1762 2470 Fabius

430 2593 447 2622 3
471 2585 613 2621 Quorum
641 2593 697 2621 eglo
718 2583 800 2621 fidei
830 2583 876 2613 ita
906 2582 1048 2618 innitar]
1095 2585 1146 2611 tur
1165 2581 1237 2611 ideo
1257 2585 1383 2611 tantum
1405 2583 1559 2621 collegam
1583 2592 1675 2612 suum
1699 2592 1762 2612 non

386 2635 426 2655 56.
446 2625 490 2655 Ea
508 2625 664 2655 cautione.
1097 2623 1202 2653 venire
1225 2623 1257 2652 in
1280 2627 1396 2653 sortem
1420 2624 1548 2654 Africae
1571 2624 1763 2663 provinciae,

428 2678 446 2703 4
470 2668 544 2703 Qui,
577 2677 616 2696 ne
649 2677 669 2695 a
702 2666 802 2695 sacris
833 2665 930 2702 absit]
965 2665 1053 2700 Quia
1097 2666 1181 2703 quod
1199 2665 1342 2703 pontifex
1358 2666 1516 2695 maximus
1532 2666 1582 2702 sit,
1598 2676 1661 2695 non
1677 2666 1762 2704 quod

386 2708 481 2736 modo
510 2708 612 2746 arguit
640 2707 778 2737 Fabium
806 2707 914 2744 Scipio
942 2710 1051 2736 contu-
1095 2706 1143 2736 illi
1166 2711 1221 2736 aut
1244 2707 1370 2737 animus
1393 2708 1485 2745 desit,
1507 2711 1562 2737 aut
1585 2707 1698 2746 peritia
1717 2706 1761 2736 rei

386 2748 516 2777 meliose
546 2749 671 2777 tractati
700 2748 736 2778 Ρ.
762 2748 877 2777 Licinii
904 2748 1053 2783 consulis,
1096 2748 1251 2779 milita-ris
1274 2749 1380 2780 CREv.

385 2788 464 2826 ipse,
480 2792 514 2817 ut
531 2798 562 2818 se
582 2789 649 2827 pari
669 2789 800 2818 crimine
821 2789 943 2825 liberet,
959 2792 1052 2819 testa-
