1877 3178
173 191 217 222 U.
234 191 272 222 C.
296 189 367 230 546·
381 187 392 205 ‘
407 180 579 238 praelati
609 188 717 222 sunt.

891 88 1038 130 ΤΙΤΙ
1079 87 1257 129 LIVII

780 179 962 235 Lapides
989 179 1147 234 pluere,
1170 187 1213 220 et
1240 178 1415 219 fulmina
1444 179 1518 220 iaci
1549 179 1601 221 de
1629 179 1792 229 coelo,6

377 95 460 132 432

171 234 211 265 Α·
236 234 274 264 C.
297 232 367 264 ²06·
382 244 393 263 6
409 247 452 280 et
473 239 656 279 insuetos
683 238 818 278 foetus
846 236 1042 276 animalia
1070 236 1207 285 edere,
1229 251 1300 276 vos
1321 244 1514 291 portenta
1533 252 1620 277 esse
1640 245 1761 292 puta-

237 413 304 450 28.

382 301 394 320 ‘
411 296 483 336 tis:
516 295 596 336 hoc
624 303 685 335 est
713 302 966 350 portentum,
990 293 1104 348 quod
1132 292 1256 332 nullis
1280 293 1437 341 hostiis,
1460 292 1584 333 nullis
1604 293 1761 349 suppli-

383 358 395 376 ‘
411 353 653 401 canonibus,
677 352 764 392 sine
793 350 993 406 sanguine
1023 365 1178 398 eorum,
1202 349 1275 404 qui
1296 358 1459 390 tantum
1485 349 1644 390 facinus
1672 350 1761 390 ausi

384 415 396 433 ‘
410 419 520 458 sunt,
543 409 699 464 expiari
720 408 859 463 possit.
909 407 1052 461 Atque
1074 421 1164 461 ego,
1187 421 1427 461 quanquam
1447 406 1609 446 nullum
1631 406 1762 446 scelus

384 467 614 507 ‘rationem
635 466 772 513 habet,
797 473 948 512 tamen,
972 473 1018 503 ut
1038 463 1082 502 in
1103 478 1146 503 re
1173 463 1341 511 nefaria,
1365 478 1471 518 quae
1497 477 1625 511 mens,
1648 462 1763 517 quod

384 529 396 547 6
412 523 631 563 consilium
652 531 832 562 vestrum
855 521 991 569 fuerit,
1011 520 1112 560 scire
1134 520 1270 560 velim.
1316 520 1529 574 Rhegium
1551 519 1763 574 quondam

384 580 455 619 ‘in
476 579 729 635 praesidium
751 578 873 618 missa
896 577 1018 632 legio,
1042 576 1268 617 interfectis
1298 591 1372 631 per
1402 576 1534 616 scelus
1565 575 1763 630 principi·
1778 592 1794 625 7

385 637 488 677 ‘bus
519 636 707 684 civitatis,
730 635 876 675 urbem
905 634 1145 689 opulentam
1177 648 1251 688 per
1281 633 1426 673 decem
1457 647 1586 673 annos
1614 632 1760 672 tenuit.

385 699 396 717 6
412 693 589 748 Propter
610 692 724 747 quod
745 691 899 732 facinus
919 700 1002 730 tota
1022 690 1144 745 legio,
1163 690 1292 730 millia
1311 689 1529 729 hominum
1552 697 1761 744 quattuor,
1776 699 1795 728 8

385 756 396 774 ‘
412 751 456 790 in
476 750 564 790 foro
587 749 746 789 Romae
769 748 898 788 securi
921 747 1104 802 percussi
1125 755 1232 786 sunt.
1281 746 1363 787 Sed
1384 746 1444 786 illi
1464 746 1658 801 primum,
1677 760 1763 786 non

385 806 583 847 ‘Atrium
615 806 823 846 Umbrum
855 804 1099 852 semilixam,
1126 803 1304 843 nominis
1337 803 1463 843 etiam
1494 801 1762 843 abominandi

385 863 575 911 ‘ducem,
598 862 670 902 sed
702 862 883 902 Decium
914 860 1138 900 Iubellium
1173 860 1385 900 tribunum
1418 859 1598 899 militum
1631 858 1795 905 secutio

385 926 396 944 ‘
413 928 530 959 sunt:
565 934 642 958 nec
663 933 759 958 cum
780 917 955 972 Pyrrho,
979 932 1055 956 nec
1081 931 1175 956 cum
1201 915 1455 956 Samnitibus
1476 924 1547 956 aut
1568 915 1762 963 Lucanis,

386 983 397 1000 ‘
413 976 599 1015 hostibus
638 973 783 1029 populi
826 973 1020 1021 Romani,
1064 987 1106 1012 se
1152 973 1472 1012 coniunxerunt.
1540 971 1628 1012 Vos
1668 986 1764 1012 cum

386 1038 396 1056 6
414 1031 647 1071 Blandonio
688 1038 730 1070 et
765 1029 935 1069 Indibili
977 1028 1147 1069 consilia
1186 1029 1533 1077 communicastis,
1571 1037 1613 1068 et
1652 1043 1765 1068 arma

384 1094 396 1112 ‘
413 1087 688 1128 consociaturi
715 1086 859 1126 fuistis.
922 1084 1003 1133 Illi,
1030 1085 1136 1124 sicut
1160 1083 1366 1139 Campani
1391 1084 1593 1139 Capuam,
1617 1084 1764 1125 Tuscis
1781 1100 1792 1120 1

386 1151 397 1169 ‘
413 1144 620 1184 veteribus
642 1143 869 1184 cultoribus
890 1142 1141 1196 ademptam,
1161 1140 1404 1181 BIamerfflni
1425 1141 1470 1180 in
1493 1140 1634 1181 Sicilia
1650 1141 1765 1181 Mes·
1779 1157 1795 1178 2

385 1208 397 1225 ‘
412 1216 567 1248 sanam,
603 1200 660 1240 sic
698 1199 911 1254 Rhegium
947 1198 1129 1238 habituri
1164 1206 1408 1253 perpetuam
1445 1197 1587 1237 sedem
1623 1205 1762 1238 erant:

386 1265 397 1281 ‘
412 1273 490 1298 nec
511 1256 713 1312 populum
737 1256 988 1303 Romanum,
1011 1270 1089 1295 nec
1120 1254 1250 1294 socios
1280 1254 1424 1309 populi
1447 1254 1629 1294 Romani
1654 1253 1763 1294 ultro

386 1321 397 1338 ‘
412 1313 640 1354 lacessituri
657 1312 778 1353 bello.
816 1311 1099 1352 Sucronemne
1114 1326 1185 1351 vos
1199 1311 1457 1351 domicilium
1477 1310 1658 1350 habituri
1679 1325 1766 1351 era-

386 1377 398 1394 ‘
415 1371 495 1411 tis?
526 1371 598 1410 ubi
620 1370 653 1409 si
674 1384 744 1409 vos
773 1368 980 1409 decedens
1006 1368 1193 1408 confecta
1220 1367 1433 1422 provincia
1459 1367 1682 1422 imperator
1700 1382 1765 1407 re-

386 1434 397 1451 ‘
413 1427 659 1482 linquerem,
675 1426 801 1466 deum
822 1425 1125 1479 hominumque
1147 1424 1274 1464 fidem
1296 1423 1514 1479 implorare
1537 1423 1763 1472 debebatis,

387 1483 528 1538 ‘quod
559 1499 643 1523 non
674 1482 862 1523 rediretis
893 1482 945 1521 ad
976 1481 1174 1536 coniuges
1195 1480 1428 1535 liberosque
1449 1487 1617 1520 vestros.
1683 1479 1766 1521 Sed

388 1547 399 1564 6
414 1540 562 1580 horum
584 1554 751 1595 quoque
773 1538 1028 1586 memoriam,
1051 1537 1157 1578 sicut
1177 1537 1335 1592 patriae
1361 1537 1541 1592 meique,
1564 1537 1767 1577 eieceritis

429 1671 448 1702 6
466 1673 615 1702 Fulmina
630 1673 691 1702 iaci
708 1673 744 1702 cle
760 1673 857 1709 coelo]
878 1672 917 1701 In
930 1672 1053 1709 templa

386 1718 418 1744 et
433 1715 537 1745 aedes.
576 1714 664 1743 Hinc
680 1714 773 1743 toties
789 1714 821 1742 in
838 1714 1053 1752 prodigiorum

1098 1670 1283 1709 cidaverint,
1309 1674 1392 1702 teste
1419 1671 1545 1701 Zonara
1570 1669 1636 1700 viii.
1663 1668 1692 1700 6.
1727 1669 1767 1700 A.

1098 1714 1222 1743 Mnus.

387 1756 625 1786 enumeratione
652 1755 771 1784 mentio
800 1755 834 1784 fit
861 1755 988 1784 aedium
1014 1755 1053 1783 de

387 1799 477 1828 coelo
493 1802 660 1828 taetarum.
685 1798 789 1827 CREV.

432 1847 447 1878 7
471 1840 654 1877 Interfectis
667 1849 727 1877 per
739 1840 839 1868 scelus
850 1838 1053 1876 principibus

386 1883 541 1919 civitatis]
594 1881 747 1910 Finxerat
791 1880 875 1909 enim
922 1879 1053 1915 Decius,

388 1924 567 1962 praefectus
588 1922 735 1961 praesidii
760 1922 885 1960 Rhegio
906 1931 923 1950 a
945 1921 1053 1950 Fabri-

388 1966 436 1995 cio
452 1965 631 2003 impositus,
645 1965 750 1993 literas
767 1964 823 1992 sibi
840 1964 962 1992 delatas
974 1972 1052 1997 esse,

387 2007 419 2036 in
441 2007 554 2045 quibus
578 2005 717 2044 Rhegini
743 2005 866 2043 Pyrrho
891 2008 997 2042 portas
1021 2014 1052 2033 se

388 2049 602 2087 patefacturos
634 2047 837 2085 sponderent,
867 2050 963 2084 atque
993 2046 1053 2074 hac

387 2101 465 2120 ansa
491 2093 620 2128 captata
648 2089 868 2127 Rheginorum
896 2087 1055 2126 principes

388 2132 601 2162 interemerat.
631 2131 670 2161 cf.
688 2130 784 2160 Dion.
803 2130 884 2160 Exc.
903 2130 978 2160 Vat.
1000 2128 1053 2159 xii.

389 2174 439 2204 60.

431 2217 450 2245 8
468 2216 582 2245 Millia
594 2215 752 2245 hominum
765 2214 931 2253 quattuor]
952 2213 1055 2248 Quat-

388 2261 460 2287 tuor
475 2256 577 2286 millia
589 2260 620 2285 et
633 2256 821 2294 quingentos
836 2255 932 2284 fuisse
948 2254 1055 2284 scribit

391 2298 567 2338 Dionysius
585 2298 616 2327 in
635 2298 715 2327 Exc.
734 2297 809 2326 Vat.
826 2296 880 2326 xii.
897 2295 946 2334 67.
993 2296 1055 2325 Sed

391 2340 519 2379 Polybii
554 2339 662 2378 opinio
693 2338 891 2368 verisimilior
920 2337 1055 2372 videtur,

390 2382 444 2420 qui
463 2382 594 2421 legionis
610 2382 798 2419 Campanae
814 2383 937 2418 partem
957 2379 1055 2408 maxi-

390 2434 476 2453 mam
500 2424 532 2453 in
554 2423 622 2461 ipsa
643 2422 760 2461 Rhegii
782 2421 1018 2460 expugnatione
1038 2431 1057 2450 a

392 2465 548 2495 Romanis
571 2475 695 2494 caesam
718 2467 834 2500 narrat,
854 2464 891 2492 cf.
908 2463 928 2493 i.
949 2470 974 2501 7.
991 2473 1056 2492 am-

392 2507 476 2545 plius
496 2511 603 2537 autem
624 2509 783 2536 trecentos
805 2505 924 2534 milites
948 2508 1058 2542 captos

392 2549 596 2587 Romamque
618 2548 730 2577 missos
751 2551 848 2585 atque
867 2547 985 2576 ibidem
1005 2556 1057 2576 ne-

393 2595 488 2621 catos.
533 2591 616 2620 Sane
642 2594 673 2619 et
700 2599 737 2619 eo
765 2599 866 2628 paene
892 2588 1058 2624 decennio,

391 2633 476 2669 quod
498 2633 537 2661 ab
559 2635 715 2670 occupato
737 2641 792 2669 per
813 2631 916 2660 scelus
932 2629 1057 2668 Rhegio

391 2674 432 2702 ad
448 2674 585 2702 sontium
603 2673 798 2712 supplicium
817 2672 951 2707 effluxit,
962 2671 1057 2700 multi

392 2724 432 2743 ex
448 2714 503 2743 illa
519 2715 641 2753 legione
655 2715 783 2753 periisse
801 2714 957 2749 videntur,
969 2723 1057 2752 prae-

392 2755 499 2783 sertim
525 2766 623 2793 quum
648 2760 679 2785 et
704 2757 877 2786 Crotonem
902 2765 939 2784 eo
964 2755 1058 2784 inter-

394 2796 478 2825 vallo
502 2797 654 2833 ceperint,
673 2797 780 2835 ibique
804 2798 970 2827 Romanos
994 2800 1057 2826 tru-

1140 1765 1158 1793 9
1185 1756 1361 1784 Tribunum
1377 1755 1529 1791 militum]
1551 1753 1659 1788 Quem
1672 1753 1766 1783 Cam-

1098 1806 1218 1834 panum
1238 1796 1333 1825 fuisse
1357 1796 1463 1825 scribit
1488 1794 1663 1833 Dionysius
1685 1794 1765 1824 Exc.

1099 1838 1173 1867 vat.
1188 1837 1241 1867 xii.
1256 1837 1305 1867 60.
1338 1838 1461 1866 Verum
1478 1836 1559 1875 legio
1575 1836 1654 1865 haec
1671 1836 1766 1866 Cam-

1098 1889 1192 1917 pana,
1209 1889 1290 1917 quae
1306 1888 1324 1907 a
1341 1878 1498 1908 Romanis
1514 1878 1684 1914 defecerat,
1701 1878 1766 1907 Ro-

1098 1921 1200 1949 manis
1216 1920 1392 1959 legionibus
1407 1923 1617 1949 annumerata
1633 1922 1712 1955 erat,
1728 1923 1765 1948 ut

1096 1967 1205 1992 octava
1221 1964 1310 2001 leyio,
1323 1966 1419 2000 atque
1435 1961 1551 1991 idcirco
1566 1960 1686 1990 Decius
1698 1971 1762 1990 non

1097 2004 1276 2042 praefectus
1303 2004 1471 2039 sociorum,
1496 2003 1616 2041 quippe
1645 2002 1765 2032 milites

1097 2045 1143 2075 sui
1170 2056 1231 2075 non
1257 2045 1340 2075 inter
1362 2046 1486 2075 amilio
1511 2048 1611 2079 erant,
1633 2044 1688 2073 sed
1712 2044 1765 2073 tri-

1098 2088 1202 2117 bunus
1218 2087 1356 2116 militum
1374 2087 1566 2125 appellatur.
1584 2086 1623 2116 cf.
1636 2085 1767 2116 Orosius

1098 2129 1138 2159 iv.
1158 2139 1185 2167 3.
1211 2129 1344 2158 Niebhr.
1362 2128 1393 2158 ii.
1411 2139 1441 2158 n.
1463 2137 1531 2158 112.

1145 2181 1157 2200 1
1183 2172 1273 2200 Sicut
1303 2171 1460 2209 Campani
1491 2170 1652 2209 Capuam]
1690 2167 1765 2200 Vid.

1099 2216 1253 2245 nostrum..
1269 2222 1353 2251 supr.
1370 2212 1409 2241 iv.
1428 2219 1476 2250 37.

1144 2263 1159 2282 2
1184 2255 1374 2284 Illamertinz'
1391 2255 1425 2283 in
1437 2254 1548 2283 Sicilia
1559 2254 1764 2290 Messanam]

1100 2295 1286 2325 Mamertini
1304 2305 1321 2325 e
1334 2295 1515 2334 Campania
1531 2294 1655 2324 oriundi
1667 2295 1767 2331 fuere,

1099 2338 1138 2366 ab
1156 2337 1332 2376 Agathocle
1352 2338 1622 2376 Syracusanorum
1642 2346 1714 2375 rege
1733 2335 1766 2366 in

1100 2379 1256 2408 auxilium
1274 2378 1405 2409 evocati.
1452 2378 1481 2408 Ii
1497 2388 1595 2417 quum
1612 2388 1631 2408 a
1646 2379 1766 2408 Messa-

1101 2421 1250 2450 nensibus
1271 2431 1327 2460 pro
1349 2419 1460 2450 amicis
1480 2419 1606 2458 excepti
1622 2419 1767 2455 fuissent,
1794 2439 1799 2442 -

1102 2463 1223 2492 civibus
1246 2462 1412 2492 trucidatis
1435 2465 1491 2491 aut
1515 2461 1633 2498 eiectis,
1655 2462 1766 2491 urbem

1102 2508 1351 2542 occupaverunt,
1366 2508 1462 2542 atque
1478 2503 1545 2533 eius
1566 2507 1676 2542 postea
1696 2512 1766 2541 pos-

1102 2546 1271 2576 sessionem
1288 2555 1414 2584 semper
1428 2549 1617 2575 tenuerunt:
1642 2555 1700 2574 nec
1716 2554 1766 2574 ur-

1102 2588 1149 2617 bis
1177 2587 1307 2617 nomine
1340 2590 1476 2623 mutato,
1505 2597 1587 2625 quae
1616 2587 1767 2617 Messana

1103 2630 1206 2658 vocari
1222 2639 1285 2658 non
1302 2629 1405 2665 desiit,
1418 2639 1510 2658 suum
1527 2632 1558 2658 et
1573 2628 1633 2667 ipsi
1649 2637 1766 2658 nomen

1102 2675 1316 2708 servaverunt,
1349 2680 1536 2709 semperque
1570 2670 1645 2700 dicti
1679 2670 1766 2699 fuere

1102 2713 1297 2744 Mamertini.
1353 2713 1392 2743 cf.
1421 2712 1535 2751 Polyb.
1567 2712 1586 2742 i.
1621 2721 1646 2743 1.
1680 2711 1764 2741 Onn-

1104 2764 1193 2785 va.
