1825 3173
130 429 296 459 Hannibal

129 472 267 518 Campa·
290 513 296 518 ·

130 524 214 543 mam
232 516 321 553 petit.

133 999 278 1037 Imperat

132 1042 204 1071 duci
222 1045 257 1070 ut
273 1051 305 1070 se

134 1083 286 1113 Casinum

133 1127 238 1156 ducat.

134 1505 312 1536 Casilinum

133 1548 309 1578 deducitur.

344 106 396 147 74
852 103 997 145 ΤΙΤΙ
1034 103 1210 145 LIVII

402 194 615 236 Hannibal
636 210 688 235 ex
718 193 907 250 Hirpinis
935 195 978 235 in
1010 194 1223 235 Samnium
1253 193 1419 233 transit:
1454 192 1713 234 Beneventa-

293 264 316 284 ί·
343 267 444 293 num
475 252 751 308 depopulatur
780 267 945 307 agrum:
994 251 1200 292 Telesiam
1230 250 1374 290 urbem
1405 250 1535 305 capit:
1583 251 1713 290 irritat

344 310 468 350 etiam
489 310 540 350 de
563 309 765 349 industria
793 309 954 358 ducem,
977 309 1009 349 si
1036 309 1139 349 forte
1169 322 1388 348 accensum
1409 315 1469 347 tot
1488 307 1714 362 indignita-

344 367 452 407 tibus
474 366 742 421 cladibusque
764 366 967 406 sociorum
995 366 1209 406 detrahere
1232 364 1283 405 ad
1305 378 1485 418 aequum
1505 373 1713 405 certamen

343 424 482 479 possit.
545 423 661 463 Inter
691 423 999 463 multitudinem
1036 423 1239 463 sociorum
1272 420 1405 461 Italici
1434 421 1607 475 generis,
1641 421 1714 476 qui

344 481 397 521 ad
433 481 723 521 Trasimenum
759 480 868 535 capti
903 481 953 520 ab
991 479 1226 520 Hannibale
1263 477 1503 532 dimissique
1537 478 1712 527 fuerant,

344 546 426 578 tres
459 538 664 593 Campani
696 537 855 592 equites
886 546 1015 586 erant,
1038 536 1176 576 multis
1206 536 1287 576 iam
1320 544 1407 575 tum
1438 534 1564 575 illecti
1594 534 1713 575 donis

343 595 634 651 promissisque
667 594 914 635 Hannibalis
945 594 998 634 ad
1028 593 1306 634 conciliandos
1336 591 1596 647 popularium
1627 592 1715 632 ani-

344 668 443 692 moS.
498 651 555 691 Hi
577 652 827 700 nuntiantes,
850 652 882 691 si
904 651 947 691 in
972 650 1243 706 Campaniam
1265 650 1491 690 exercitum
1513 649 1714 689 admovis-

345 717 418 758 set,
445 708 615 764 Capuae
637 708 857 764 potiendae
880 709 1040 763 copiam
1061 708 1160 755 fore,
1184 722 1312 762 quum
1341 721 1405 746 res
1426 706 1566 755 maior,
1589 721 1713 761 quam
1728 729 1744 749 α

345 775 543 815 auctores,
567 774 684 815 esset,
714 766 887 805 dubium
918 765 1211 811 Hannibalem,
1237 764 1487 818 alternisque
1516 763 1714 803 fidentem

345 838 391 864 ac
422 823 691 871 diffidentem,
725 831 876 871 tamen,
908 831 954 862 ut
989 821 1224 877 Campanos
1255 836 1306 861 ex
1341 820 1507 861 Samnio
1542 829 1714 875 peteret,

345 889 585 928 moverunt3
618 880 808 928 monitos,
841 888 887 920 ut
914 879 1037 919 etiam
1066 888 1189 933 atque
1219 878 1342 918 etiam
1371 877 1567 933 promissa
1595 877 1747 921 rebus3

347 938 606 986 affirmarent,
628 937 854 991 iussosque,
872 951 967 976 eum
988 936 1172 991 pluribus
1193 944 1234 975 et
1255 935 1461 989 aliquibus
1481 934 1716 989 principum

346 994 478 1035 redire
511 994 563 1034 ad
593 1009 647 1043 se,
670 993 836 1034 dimisit.
900 993 992 1048 Ipse
1024 993 1199 1048 imperat
1228 992 1338 1040 duci,
1361 1000 1408 1032 ut
1437 1006 1478 1031 se
1510 991 1553 1030 in
1574 1006 1717 1046 agrum

351 1051 589 1092 Casinatem
617 1051 763 1091 ducat:
797 1050 968 1090 edoctus
993 1065 1015 1090 a
1042 1050 1182 1105 peritis
1210 1049 1438 1104 regionum,
1461 1048 1493 1088 si
1515 1063 1610 1088 eum
1641 1048 1718 1088 sal-

347 1117 434 1148 tum
457 1116 707 1163 occupasset,
731 1107 888 1147 exitum
919 1107 1110 1146 Romano
1139 1106 1190 1146 ad
1219 1121 1339 1161 opem
1367 1105 1580 1146 ferendam
1599 1105 1718 1145 sociis

345 1164 674 1205 interclusurum.
747 1163 829 1203 Sed
869 1163 1076 1203 Punicum
1117 1163 1339 1202 abhorrens
1379 1163 1429 1202 ab
1474 1162 1750 1208 Latinorum4

346 1222 563 1262 nominum
592 1220 835 1276 prolatione,
868 1235 942 1275 pro
975 1219 1129 1259 Casino
1163 1218 1393 1259 Casilinum
1419 1219 1506 1258 dux
1536 1227 1582 1259 ut
1611 1219 1718 1259 acci-

347 1287 475 1334 peret,
517 1278 636 1326 fecit3
690 1292 936 1332 aversusque
974 1277 1024 1316 ab
1055 1291 1127 1316 suo
1159 1276 1318 1324 itinere,
1359 1290 1433 1330 per
1473 1275 1716 1325 Allifanum,

351 1334 689 1390 Caiatinumque,
715 1344 757 1375 et
791 1334 994 1375 Calenum
1027 1349 1183 1388 agrum,
1206 1333 1248 1372 in
1280 1347 1471 1388 campum
1505 1332 1717 1373 Stellatem

349 1392 584 1432 descendit:
619 1392 690 1432 ubi
711 1407 840 1446 quum
870 1391 1078 1431 montibus
1106 1390 1427 1444 fluminibusque
1456 1389 1634 1430 clausam
1655 1405 1718 1430 re-

347 1449 513 1504 gionem
541 1448 910 1503 circumspexisset,
934 1456 1123 1487 vocatum
1152 1447 1300 1487 ducem
1322 1455 1624 1502 percunctatur,
1647 1447 1718 1487 ubi

349 1515 547 1546 terrarum
569 1506 703 1546 esset?
767 1505 909 1552 Quum
931 1504 963 1544 is
988 1504 1160 1544 Casilini
1189 1520 1238 1544 eo
1267 1504 1333 1544 dic
1363 1519 1599 1544 mansurum
1621 1519 1717 1544 eum

348 1563 531 1611 dixisset,
554 1572 642 1603 tum
664 1562 832 1603 denium
860 1561 1048 1617 cognitus
1076 1570 1137 1601 est
1165 1576 1287 1610 error,
1310 1570 1352 1601 et
1376 1560 1575 1601 Casinum
1595 1561 1717 1616 longe

347 1620 444 1660 inde
467 1620 545 1660 alia
565 1620 731 1674 regione
754 1633 862 1659 esse:
896 1618 1102 1673 virgisque
1124 1633 1241 1658 caeso
1263 1618 1382 1666 duce,
1406 1627 1446 1658 et
1467 1618 1520 1658 ad
1540 1618 1719 1673 reliquo-

348 1692 439 1717 rum
466 1686 660 1717 terrorem
692 1677 735 1715 in
766 1690 930 1716 crucem
961 1675 1132 1723 sublato,
1155 1675 1294 1715 castris
1325 1675 1600 1723 communitis,
1624 1675 1719 1715 Ma-

348 1733 555 1774 harbalem
593 1748 688 1774 cum
729 1733 937 1787 equitibus
968 1732 1010 1771 in
1042 1746 1185 1786 agrum
1217 1731 1436 1772 Falernum
1476 1732 1719 1786 praedatum

350 1791 514 1831 dimisit.
578 1790 723 1845 Usque
755 1790 806 1829 ad
837 1804 963 1844 aquas
997 1788 1262 1829 Sinuessanas
1291 1788 1504 1844 populatio
1544 1804 1593 1829 ea
1627 1803 1748 1844 per-5

393 1962 408 1981 α
435 1954 538 1989 Quum
554 1963 602 1983 res
619 1954 728 1985 maior,
744 1962 835 1991 quam
858 1956 1012 1987 auctores,

349 1996 443 2031 esset]
471 1996 581 2030 Quum
609 2005 656 2023 res
679 1995 779 2024 maior
801 1999 893 2030 esset,
917 2003 1011 2032 quam

350 2041 467 2075 quanta
485 2042 551 2067 erat
571 2036 741 2066 auctoritas
757 2040 786 2066 et
804 2036 945 2074 potentia
962 2046 1011 2065 eo-

351 2089 418 2108 rum
437 2079 489 2117 qui
506 2081 545 2109 ad
563 2090 631 2109 eam
648 2079 889 2118 aggrediendam
909 2078 1011 2107 horta-

349 2122 473 2151 bantur.
498 2122 602 2152 Cmiv.

392 2172 408 2201 3
435 2165 585 2197 Manuos,
611 2168 647 2193 ‘ul
673 2165 765 2194 etiam
797 2168 891 2202 alque
919 2163 1011 2192 etiam

346 2207 517 2244 promisso]
537 2207 638 2235 Recte
654 2209 763 2235 monet
777 2205 955 2234 Gronovius
970 2205 1011 2233 le-

348 2248 487 2285 gendum
506 2248 620 2277 videri:
646 2249 836 2286 monito-sque
857 2249 950 2277 elium
967 2251 1012 2275 al-

349 2300 409 2329 que
424 2291 517 2320 elium
536 2295 568 2319 ul
581 2291 746 2328 promissa.
772 2290 875 2319 CREv.

393 2344 411 2369 4
433 2333 495 2362 Sed
514 2333 692 2369 Punicum]
728 2331 760 2360 h.
782 2341 807 2360 e.
832 2330 1013 2365 Punismus,

352 2374 475 2403 Punica
509 2373 735 2412 pronuntiatio,
769 2374 940 2402 abhorrens
974 2374 1012 2401 ah

350 2417 536 2446 Lulinorum
569 2418 728 2445 nominum
759 2416 948 2454 prolatione..
978 2418 1013 2443 ut

350 2458 414 2487 fere
436 2469 487 2497 ap.
513 2458 580 2488 cic.
605 2469 660 2496 pro
685 2458 780 2487 Areb.
801 2458 829 2486 8.
851 2458 1014 2486 Cordubae

351 2502 434 2530 natis
454 2502 554 2539 poclis
574 2502 695 2539 pin-aue
714 2501 861 2539 quiddam
876 2500 1013 2528 sonami-

352 2544 408 2571 bus
424 2548 517 2582 utque
534 2544 750 2582 pereyrinum.
775 2542 847 2571 STR.
894 2541 1015 2570 Grono-

352 2583 432 2618 vius,
456 2595 547 2622 quem
573 2584 671 2614 secuti
696 2588 769 2614 sunt
792 2584 888 2619 Clean,
912 2584 1016 2620 Crem,

354 2624 454 2654 Drak.
472 2632 502 2654 et
524 2626 659 2657 Bekker.
684 2630 754 2665 post
774 2627 946 2656 abhorrens
969 2625 1013 2654 in-

353 2667 449 2695 seruit
465 2678 507 2699 os,
524 2672 554 2696 et
570 2668 647 2697 haec
667 2668 803 2698 notavit:
826 2668 1013 2697 “Punicum

354 2708 413 2737 hoc
434 2718 467 2737 os
488 2713 533 2737 est
556 2709 654 2747 ipsius
673 2710 864 2739 Hannibalis
879 2709 1016 2739 iubentis

354 2750 506 2779 Casinum
520 2751 604 2785 duci,
617 2762 749 2790 eamque
763 2762 870 2781 vocem
886 2752 930 2781 ita
946 2762 1015 2790 pro-

353 2791 530 2821 nuntiando
556 2792 719 2829 trahentis,
744 2798 779 2823 ut
806 2795 872 2823 (ΙΝ-ι’
894 2793 1015 2822 viarum

354 2833 529 2865 Casilinum
568 2834 742 2873 nuncupari
782 2838 905 2873 putaret
922 2847 929 2870 ;
970 2838 1015 2864 est

1057 1950 1140 1980 enim
1172 1950 1333 1990 proprium
1365 1949 1477 1979 vitium
1510 1947 1657 1979 Afrorum
1686 1949 1719 1979 in

1058 1993 1314 2031 pronuntiatione
1344 1993 1580 2027 Labdacismus,
1605 1993 1631 2021 si
1658 2002 1719 2030 pro

1057 2046 1120 2065 ‘uno
1146 2037 1172 2065 L
1199 2037 1260 2065 (luo
1286 2036 1551 2074 pronunlientzW,
1577 2039 1613 2064 ut
1641 2035 1719 2072 Afri

1049 2079 1202 2116 facimus
1228 2077 1272 2116 (v.
1292 2077 1402 2107 Isidor.
1421 2076 1504 2115 Orig.
1530 2076 1548 2106 i.
1574 2074 1640 2115 30.)
1665 2076 1719 2105 sed

1057 2120 1200 2149 definitio
1221 2119 1299 2149 haee
1323 2119 1416 2148 nimis
1434 2122 1582 2157 angusta3
1603 2118 1719 2147 immit-

1058 2161 1133 2191 titur
1149 2161 1231 2191 enim
1250 2165 1279 2191 et
1297 2160 1459 2190 nonnullis
1478 2160 1615 2189 naturali
1634 2159 1720 2197 vitio,

1056 2204 1110 2232 ubi
1138 2214 1264 2242 prorsus
1290 2214 1352 2232 non
1379 2205 1459 2232 est.”
1503 2203 1653 2232 Ceterum
1680 2203 1719 2232 de

1057 2249 1124 2274 tota
1147 2246 1206 2275 hac
1230 2255 1261 2275 re
1284 2245 1363 2274 nihil
1387 2255 1437 2283 ap.
1462 2245 1575 2283 Polyb.
1600 2250 1631 2274 et
1655 2244 1720 2282 Ap-

1057 2287 1140 2326 pian.
1187 2288 1338 2317 (basinum
1360 2297 1432 2316 vero
1457 2290 1503 2316 est
1526 2296 1599 2325 opp.
1619 2289 1719 2315 extre-

1056 2340 1144 2359 mum
1162 2330 1350 2359 Volscorum
1375 2332 1406 2358 et
1428 2328 1509 2358 Latii
1533 2327 1719 2366 septentrio-

1058 2372 1138 2401 nalis
1160 2375 1245 2401 trans
1261 2371 1374 2406 Lirim3
1400 2369 1447 2409 (h.
1464 2369 1597 2410 Casino)
1614 2374 1645 2399 et
1662 2371 1719 2400 Ca-

1056 2415 1183 2443 silinum
1213 2414 1244 2443 in
1271 2413 1448 2452 Campania
1479 2413 1719 2449 mediterranea,

1058 2455 1111 2485 ubi
1134 2466 1219 2485 nuuc
1241 2457 1354 2494 Capua
1376 2465 1468 2492 nova,
1489 2455 1528 2485 ad
1553 2458 1720 2492 utramque

1059 2498 1159 2536 ripam
1186 2497 1349 2534 Vulturni,
1372 2508 1428 2536 per
1450 2497 1588 2527 mediam
1609 2497 1719 2526 urbem

1060 2540 1196 2570 fluentis.
1222 2541 1307 2570 RUP.

1104 2591 1120 2621 5
1140 2584 1165 2612 A
1173 2593 1251 2622 quas
1263 2583 1490 2619 Sinuessanas]
1511 2581 1616 2620 Prope
1629 2580 1719 2611 Sinu-

1058 2635 1157 2654 essam
1181 2635 1282 2663 aquae
1297 2624 1384 2654 fuere
1402 2624 1540 2653 celebres
1559 2623 1646 2662 apud
1665 2633 1719 2652 an-

1058 2668 1172 2705 tiquos,
1184 2671 1219 2696 ut
1231 2677 1271 2705 ap
1278 2669 1364 2705 paret
1377 2676 1415 2695 ex
1428 2665 1511 2695 Plin.
1524 2665 1568 2694 H.
1577 2665 1619 2695 N.
1632 2665 1718 2694 xxxi.

1060 2719 1086 2738 2.
1105 2712 1136 2738 ct
1153 2709 1228 2738 Tac.
1248 2710 1332 2738 Ann.
1348 2707 1402 2737 xii.
1419 2706 1467 2737 66.
1485 2710 1516 2735 et
1534 2706 1618 2736 Hist.
1635 2706 1655 2736 i.
1672 2713 1718 2744 72.

1061 2751 1125 2780 Eas
1141 2751 1260 2780 calidas
1274 2749 1369 2779 fuisse
1382 2749 1575 2778 demonstrat
1586 2747 1691 2785 Silius,
1701 2758 1720 2778 a

1062 2803 1124 2830 quo
1139 2792 1253 2822 dicitur
1267 2793 1418 2822 Sinuessa
1436 2795 1554 2829 tepens,
1570 2789 1632 2820 viii.
1649 2791 1718 2829 528.

1062 2835 1161 2864 (Ἴων.
