1877 3178
340 104 418 142 142
855 98 1003 140 ΤΙΤΙ
1044 98 1215 140 LIVII

130 196 229 227 U.C.
253 195 324 235 536.
338 190 446 230 isset.
508 188 586 230 Illa
606 189 719 229 enim
748 188 959 229 cunctatio
981 186 1187 228 distulisse
1216 185 1340 226 modo
1362 186 1573 226 victoriam
1595 185 1739 226 videri

128 239 166 269 A.
191 239 228 269 C·
253 237 501 302 ²¹⁶·p0tuit3
547 246 615 287 hic
646 261 759 286 error
789 245 896 285 vires
928 244 1128 285 ademisse
1162 243 1215 283 ad
1236 242 1500 283 vincendum.
1563 242 1723 298 Itaque,

338 303 520 353 hercule,
543 303 658 344 velut
674 303 707 343 si
729 317 824 342 cum
846 301 926 341 alio
947 301 1133 341 exercitu
1155 315 1178 340 a
1202 299 1350 354 Capua
1370 299 1514 348 exiret,
1532 299 1637 339 nihil
1657 314 1726 339 us-

338 375 464 415 quam
486 360 683 415 pristinae
702 358 945 413 disciplinae
968 357 1113 398 tenuit.
1178 355 1289 396 Nam
1307 364 1348 396 et
1370 355 1581 396 redierunt
1602 355 1726 411 pleri-

339 432 420 472 que
452 417 596 457 scortis
627 415 844 470 impliciti:
880 423 932 463 et,
956 414 1027 454 ubi
1059 414 1238 468 primum
1270 413 1346 453 sub
1375 412 1552 467 pellibus
1582 412 1757 453 haberi8

339 474 476 529 coepti
498 481 607 520 sunt,
627 472 777 526 viaque
800 480 842 511 et
863 470 967 511 alius
989 470 1176 510 militaris
1205 469 1321 510 labor
1342 469 1520 523 excepit,
1543 469 1724 509 tironum

339 530 464 570 modo
478 529 717 584 corporibus
732 527 964 582 animisque
980 527 1253 567 deficiebant:
1288 534 1330 566 et
1343 525 1496 566 deinde
1510 540 1585 580 per
1601 540 1724 566 omne

339 587 585 627 aestivorum
614 595 777 640 tempus
800 599 949 638 magna
974 598 1066 639 pars
1087 583 1174 623 sine
1206 583 1506 623 commeatibus
1527 583 1577 622 ab
1599 582 1725 637 signis

339 643 652 683 dilabebantur:
686 656 824 696 neque
843 640 944 681 aliae
966 641 1160 689 latebrae,
1177 655 1302 695 quain
1327 638 1486 694 Capua,
1504 638 1726 679 desertori-

339 701 416 740 bus
437 707 566 740 erant.

196 758 258 795 19.
400 757 614 804 Ceterum,
630 755 873 795 mitescente
887 754 969 794 iam
983 754 1134 802 hieme,
1145 753 1296 794 educto
1311 768 1362 793 ex
1377 753 1562 793 hibernis
1579 752 1724 801 milite,

343 813 577 854 Casilinum
590 812 710 853 redit.
760 811 858 860 Ubi,
875 826 1114 866 quanquam
1131 811 1181 850 ab
1196 810 1506 865 oppugnatione
1521 817 1726 850 cessatum

339 879 438 919 erat,
462 869 622 910 obsidio
644 879 783 908 tamen
805 868 1046 908 continuata
1067 867 1297 922 oppidanos
1314 866 1650 921 praesidiumque
1673 865 1725 906 ad

340 927 533 967 ultimum
554 926 718 980 inopiae
736 924 978 965 adduxerat.
1044 923 1201 964 Castris
1225 923 1426 963 Romanis
1443 923 1508 963 Ti.
1531 922 1725 977 Sempro-

339 984 433 1023 nius
468 990 669 1038 praeerat,
701 981 901 1021 dictatore
934 981 1210 1035 auspiciorum
1248 980 1571 1035 repetendorum
1602 994 1726 1019 causa

338 1039 523 1094 profecto
556 1039 747 1079 Romam.
812 1037 1074 1086 Marcellum,
1107 1046 1149 1076 et
1180 1037 1315 1091 ipsum
1348 1037 1587 1091 cupientem
1618 1036 1724 1076 ferre

339 1096 541 1136 auxilium
579 1094 765 1142 obsessis,
803 1103 845 1134 et
877 1093 1112 1133 Vulturnus
1148 1093 1280 1132 amnis
1316 1093 1481 1133 inflatus
1516 1094 1648 1147 aquis,
1683 1101 1725 1132 et

339 1166 482 1206 preces
501 1151 762 1191 Nolanorum
777 1159 902 1204 atque
926 1149 1233 1189 Acerranorum
1256 1150 1465 1198 tenebant,
1487 1148 1756 1204 Campanos9

340 1208 591 1255 timentium,
607 1207 639 1247 si
653 1206 907 1262 praesidium
924 1206 1162 1245 Romanum
1180 1205 1449 1245 abscessisset.
1495 1205 1722 1254 Gracchus,

339 1265 522 1305 assidens
554 1272 716 1304 tantum
751 1262 950 1311 Casilino,
974 1262 1073 1317 quia
1099 1262 1361 1317 praedictum
1391 1270 1478 1302 erat
1498 1261 1722 1311 dictatoris,
1740 1279 1752 1299 1

338 1337 391 1362 ne
414 1321 517 1376 quid
538 1321 707 1361 absente
739 1335 788 1360 eo
809 1319 869 1359 rei
890 1328 1064 1374 gereret,
1088 1319 1192 1358 nihil
1222 1319 1434 1359 movebat:
1470 1333 1722 1374 quanquam,

339 1393 445 1433 quae
476 1377 594 1418 facile
627 1392 794 1417 omnem
832 1376 1076 1431 patientiam
1108 1376 1334 1425 vincerent,
1368 1376 1667 1416 nuntiabantur
1702 1391 1725 1416 a

341 1434 539 1474 Casilino.
604 1433 715 1473 Nam
738 1442 791 1481 et,
807 1433 1095 1488 praecipitasse
1118 1448 1160 1473 se
1175 1432 1375 1487 quosdam
1394 1448 1479 1473 non
1502 1432 1724 1473 tolerantes

336 1491 502 1539 famem,
525 1491 762 1538 constabat3
796 1499 838 1530 et
857 1498 963 1530 stare
990 1490 1169 1530 inermes
1192 1491 1235 1529 in
1256 1489 1397 1538 muris,
1420 1489 1533 1530 nuda
1553 1504 1725 1544 corpora

338 1548 390 1588 ad
420 1547 636 1587 missilium
668 1547 843 1587 telorum
867 1546 972 1586 ictus
1002 1547 1258 1601 praebentes.
1322 1546 1385 1586 Ea
1414 1561 1536 1601 aegre
1561 1546 1724 1601 patiens

342 1604 570 1652 Gracchus,
590 1618 719 1658 quum
742 1618 878 1658 neque
896 1618 1080 1657 pugnam
1102 1617 1316 1643 conserere
1334 1603 1545 1643 dictatoris
1566 1603 1725 1643 iniussu

339 1661 523 1709 auderet,
546 1660 840 1715 (pugnandum
870 1667 1009 1699 autem
1032 1674 1132 1707 esse,
1155 1659 1187 1699 si
1213 1659 1348 1714 palam
1370 1659 1625 1700 frumentum
1647 1659 1724 1699 im-

339 1725 533 1773 portaret,
556 1717 743 1767 videbat)
768 1731 906 1770 neque
929 1715 1035 1755 clam
1065 1715 1319 1770 importandi
1340 1730 1432 1770 spes
1462 1726 1580 1764 esset,
1602 1715 1722 1765 farre,

340 1789 392 1814 ex
414 1774 520 1829 agris
533 1774 642 1814 circa
657 1773 844 1827 undique
867 1780 1079 1820 convecto,
1099 1787 1229 1827 quum
1251 1772 1465 1827 complura
1480 1772 1591 1813 dolia
1611 1787 1724 1812 com-

132 1844 311 1875 Casilinum
340 1830 503 1886 plesset,
526 1830 721 1870 nuntium
744 1829 796 1869 ad
821 1829 1107 1883 magistratum
1136 1828 1367 1868 Casilinum
1399 1829 1521 1877 misit,
1544 1837 1590 1869 ut
1611 1829 1724 1869 exci-

134 1887 166 1916 in
183 1886 276 1916 doliis
339 1896 487 1942 perent
534 1886 656 1935 dolia,
698 1901 803 1941 quae
851 1886 983 1925 amnis
1024 1885 1212 1925 deferret.
1295 1886 1538 1940 Insequenti
1586 1895 1722 1935 nocte,

132 1938 328 2000 ffirnffgssffiffi
341 1944 511 1985 intentis
533 1944 724 1984 omnibus
746 1943 789 1982 in
806 1943 961 1982 flumen
983 1956 1029 1982 ac
1051 1956 1165 1996 spem
1188 1942 1238 1982 ab
1260 1942 1408 1982 nuntio
1427 1942 1618 1983 Romano
1639 1944 1724 1982 fac-

133 2012 280 2043 mittitur.
340 2009 437 2049 tam,
456 2000 566 2041 dolia
587 2000 725 2040 medio
743 2000 865 2039 missa
885 1998 997 2039 amni
1014 1998 1292 2039 defluxerunt.
1356 1999 1603 2053 Aequaliter
1616 1999 1725 2040 inter

339 2072 483 2098 omnes
515 2057 770 2097 frumentum
811 2056 1000 2096 divisum.
1064 2054 1113 2094 Id
1152 2063 1317 2110 postero
1358 2070 1526 2110 quoque
1567 2056 1634 2096 die
1676 2071 1723 2096 ac

340 2115 462 2154 tertio
483 2115 638 2154 factum
666 2121 738 2154 est.
802 2112 939 2153 Nocte
962 2120 1004 2152 et
1032 2112 1305 2152 mittebantur
1325 2120 1367 2152 et
1399 2113 1719 2167 perveniebant:

339 2186 389 2211 eo
411 2170 616 2210 custodias
637 2170 819 2211 hostium
840 2169 1047 2209 fallebant.
1110 2168 1317 2208 Imbribus
1339 2168 1492 2209 deinde
1515 2169 1723 2209 continuis

338 2227 502 2267 citatior
537 2226 657 2267 solito
693 2226 838 2274 amnis,
872 2234 1101 2265 transverso
1131 2225 1286 2265 vortice
1329 2224 1440 2265 dolia
1474 2225 1640 2280 impulit
1670 2225 1722 2265 ad

341 2284 485 2338 ripam,
509 2298 633 2338 quam
662 2283 799 2323 hostes
820 2282 1047 2322 servabant.
1112 2280 1176 2321 Ibi
1203 2281 1418 2321 haerentia
1438 2281 1547 2321 inter
1572 2282 1724 2322 obnata

341 2340 438 2395 ripis
459 2340 601 2380 salicta
621 2339 955 2394 conspiciuntur:
990 2337 1314 2392 nuntiatumque
1339 2337 1566 2378 Hannibali
1589 2347 1662 2386 cst,
1681 2346 1723 2378 et

340 2396 493 2437 deinde
508 2396 730 2436 intentiore
751 2394 939 2435 custodia
951 2402 1133 2442 cautum,
1151 2409 1203 2434 ne
1221 2394 1323 2448 quid
1340 2394 1499 2434 falleret
1512 2394 1722 2435 Vulturno
1739 2410 1753 2430 z

389 2560 406 2588 8
429 2560 495 2588 Sub
520 2560 673 2598 pellibus]
716 2559 755 2588 In
783 2558 935 2588 tentoriis.
969 2558 1007 2587 cf.
1054 2557 1085 2587 ii.
1108 2568 1152 2588 10.
1178 2558 1243 2588 xxi.
1265 2568 1309 2588 10.

341 2610 426 2638 supr.
444 2611 470 2630 v.
489 2611 515 2630 2.
547 2602 612 2630 Sub
626 2602 764 2639 pellibus
779 2602 908 2631 durare.
1097 2609 1112 2629 2
1137 2601 1314 2630 latentiore
1330 2601 1487 2637 custodia]
1515 2599 1651 2630 Obiecta
1666 2609 1723 2638 per

384 2651 403 2680 9
426 2644 680 2680 Acerranormn]
710 2643 789 2679 Qui,
806 2644 881 2672 urbe
898 2652 954 2671 sua
969 2643 1009 2671 ab
1054 2641 1195 2671 medium
1222 2651 1351 2672 amnem
1375 2646 1499 2677 catena,
1522 2645 1602 2671 teste
1623 2641 1720 2671 Fron-

344 2683 528 2712 Hannibale
541 2684 664 2722 direpta
676 2689 772 2723 atque
788 2684 928 2720 incensa,
943 2684 1008 2713 No·
1054 2683 1110 2714 tin.
1135 2684 1268 2722 Strateg.
1292 2683 1334 2713 iii.
1359 2693 1405 2722 14.
1451 2684 1600 2713 Ceterum
1627 2683 1720 2713 Prae-

344 2725 407 2753 lam
427 2725 641 2762 cmifugerant,
1054 2725 1193 2755 uestinos
1223 2727 1371 2755 Νυσαίας
1402 2725 1583 2763 appellatos
1613 2724 1719 2754 scribit

390 2775 400 2794 1
429 2767 513 2801 Quia
531 2768 726 2804 praedictum
744 2773 812 2797 erat
828 2769 1005 2804 dictatoris]
1054 2767 1178 2802 Festus,
1195 2768 1310 2805 “quod
1331 2766 1445 2795 inclusi
1464 2776 1483 2795 a
1501 2765 1616 2795 Poenis
1633 2767 1720 2796 Casi-

345 2807 374 2836 h.
393 2817 418 2836 e.
441 2807 575 2839 [ussum.
595 2808 640 2836 vel
664 2809 830 2837 monitum.
863 2810 900 2837 cf.
923 2819 1007 2845 supr.
1054 2808 1108 2837 lini
1125 2808 1241 2838 famem
1260 2808 1394 2837 nucibus
1410 2810 1659 2837 sustentarunt.”
