1825 3173
69 226 113 256 U.
130 225 167 255 C.
185 233 255 265 535.

66 268 104 297 A.
130 268 167 298 C.
185 277 255 307 217.

69 310 184 339 Vas-tat
205 311 270 340 Ita-

67 352 153 382 liam.

76 1023 160 1054 Libri
179 1023 223 1053 Si-

75 1066 187 1112 byllini
204 1065 250 1094 in-

76 1112 186 1147 specti.

146 1700 208 1739 10.

283 130 336 171 70
786 128 900 170 TIT
908 128 930 169 I
973 126 1149 169 LIVII

283 233 378 273 que,
401 218 529 274 magis
550 217 602 258 ad
623 226 817 259 eventum
839 218 1033 268 secundo,
1052 233 1175 274 quam
1197 216 1277 257 levi
1299 225 1370 256 aut
1390 216 1511 265 facili,
1533 217 1657 258 affec-

283 284 359 316 tus.
424 275 509 316 Ubi
550 275 644 315 satis
685 275 815 330 quieti
847 275 1004 325 datum,
1040 275 1192 331 praeda
1233 288 1279 314 ac
1319 273 1654 329 populationibus
1668 287 1688 314 4

284 332 424 388 magis,
448 348 572 388 quam
601 332 684 372 otio
710 341 780 372 aut
807 333 963 387 requie,
986 332 1274 387 gaudentibus,
1297 331 1502 385 profectus
1529 331 1655 371 Prae·
1670 340 1686 371 5

284 398 326 430 tu
333 390 489 430 tianum
501 389 846 444 Hadrianumque
861 404 1017 444 agrum,
1030 389 1189 429 Marsos
1203 387 1300 427 inde
1311 387 1655 442 Marrucinosque

285 455 327 487 et
342 446 536 501 Pelignos
557 446 752 495 devastat,
771 447 960 501 circaque
977 448 1113 502 Arpos
1135 454 1176 486 et
1190 444 1409 485 Luceriam
1425 444 1656 499 proximam

286 503 464 559 Apuliae
495 503 717 558 regionem.
789 503 867 544 Cn.
895 503 1089 544 Servilius
1119 501 1274 550 consul,
1305 501 1463 541 levibus
1492 500 1658 556 proeliis

286 576 381 601 cum
406 560 537 601 Gallis
567 560 680 609 actis,
702 569 744 600 et
770 575 854 600 uno
885 560 1038 616 oppido
1068 559 1239 615 ignobili
1271 567 1520 614 expugnato,
1546 565 1658 613 post-

286 632 410 673 quam
425 617 476 658 de
499 617 678 672 collegae
701 617 991 672 exercitusque
1006 617 1131 657 caede
1153 616 1323 665 audivit,
1339 615 1420 655 iam
1442 615 1658 655 moenibus

286 675 440 730 patriae
458 683 658 722 metuens,
673 689 725 715 ne
743 675 903 714 abesset
924 675 966 713 in
980 674 1214 714 discrimine
1231 682 1428 721 extremo,
1448 672 1500 712 ad
1513 672 1657 712 urbem

287 732 366 772 iter
386 731 577 772 intendit.
643 730 694 778 Q.
715 731 864 771 Fabius
886 731 1098 771 Maximus
1115 731 1289 771 dictator
1309 730 1471 778 iterum,
1487 744 1569 784 quo
1591 728 1658 769 die
1672 736 1691 768 6

287 789 570 844 magistratum
601 788 707 837 iniit,
728 798 872 829 vocato
897 796 1055 837 senatu,
1078 788 1127 828 ab
1150 788 1227 828 diis
1260 802 1385 835 orsus,
1408 801 1537 841 quum
1559 786 1660 826 edo-

287 846 437 886 cuisset
453 846 608 894 Patres,
623 844 715 900 plus
736 845 988 900 negligentia
1009 845 1346 885 caerimoniarum
1364 843 1660 899 auspiciorum-

289 917 382 957 que,
399 918 523 958 quam
538 902 767 944 temeritate
782 912 905 957 atque
923 903 1096 951 inscitia,
1114 910 1330 957 peccatum
1347 917 1371 941 a
1389 900 1438 941 C.
1456 900 1660 941 Flaminio

290 960 456 1000 consule
478 975 578 1009 esse,
601 974 790 1014 quaeque
812 959 974 1014 piacula
1001 959 1083 999 irae
1105 959 1230 999 deum
1259 967 1405 1006 essent,
1428 958 1536 1013 ipsos
1561 957 1660 997 deos

290 1016 564 1057 consulendos
587 1031 696 1065 esse,
729 1016 913 1071 pervicit,
936 1024 994 1064 ut,
1018 1016 1131 1071 quod
1156 1031 1238 1056 non
1260 1016 1387 1055 ferme
1409 1014 1659 1063 decernitur,

289 1074 368 1113 nisi
396 1089 524 1128 quum
556 1082 685 1113 taetra
714 1073 903 1128 prodigia
933 1074 1122 1113 nuntiata
1151 1081 1259 1122 sunt,
1286 1072 1507 1112 decemviri
1537 1071 1662 1111 libros

293 1130 514 1186 Sibyllinos
535 1131 647 1170 adire
670 1130 920 1170 iuberentur.
987 1129 1084 1178 Qui,
1106 1130 1302 1184 inspectis
1322 1129 1511 1169 fatalibus
1535 1128 1660 1176 libris,

289 1186 521 1227 retulerunt
551 1187 753 1234 PatribuS,
788 1186 925 1241 ‘quod
956 1186 1043 1226 eius
1073 1186 1171 1226 belli
1209 1201 1330 1226 causa
1359 1194 1501 1226 votum
1534 1185 1695 1228 Marti7

291 1250 301 1267 ‘
317 1244 433 1292 foret,
457 1243 499 1283 id
521 1259 606 1283 non
626 1243 702 1283 rite
724 1244 890 1291 factum,
914 1243 965 1282 de
987 1243 1149 1298 integro
1170 1251 1294 1297 atque
1316 1242 1490 1297 amplius
1510 1241 1664 1282 facien-

292 1307 303 1324 ‘
316 1301 415 1341 dum
433 1316 542 1341 esse:
576 1309 618 1341 et
639 1299 727 1340 Iovi
749 1300 867 1341 ludos
888 1315 1070 1355 magnos,
1086 1309 1126 1340 et
1147 1300 1270 1340 aedes
1285 1299 1440 1339 Veneri
1459 1298 1662 1355 Erycinae

292 1364 303 1381 ⁶
319 1373 365 1398 ac
397 1357 535 1398 Menti
556 1357 762 1397 vovendas
793 1372 892 1405 esse,
915 1365 957 1397 et
978 1357 1321 1412 supplicationem
1346 1356 1664 1397 lectisternium-

293 1421 304 1438 ‘
321 1430 402 1470 que
425 1414 678 1463 habendum,
696 1423 737 1454 et
757 1429 828 1454 ver
848 1429 1005 1454 sacrum
1028 1414 1274 1461 vovendum,
1298 1414 1330 1453 si
1352 1413 1547 1454 bellatum
1568 1428 1664 1468 pro-
1677 1425 1696 1455 8

293 1478 304 1495 ‘
320 1487 435 1527 spere
469 1479 586 1520 esset,
623 1486 769 1525 resque
800 1471 965 1526 publica
999 1471 1042 1510 in
1075 1470 1233 1519 eodem,
1269 1486 1352 1526 quo
1383 1480 1477 1511 ante
1508 1470 1663 1511 bellum

294 1535 304 1552 ‘
319 1529 473 1577 fuisset,
511 1537 619 1568 statu
653 1528 966 1583 permansisset.'
1035 1526 1223 1575 Senatus,
1257 1528 1453 1583 quoniam
1489 1527 1663 1568 Fabium

291 1585 388 1626 belli
422 1601 519 1626 cura
554 1593 803 1640 occupatura
835 1593 951 1633 esset,
990 1583 1050 1624 M.
1072 1584 1299 1624 Aemilium
1331 1594 1575 1640 praetorem,
1611 1599 1664 1624 ex

293 1643 453 1698 collegii
474 1642 719 1698 pontificum
741 1642 956 1690 sententia,
978 1642 1116 1682 omnia
1137 1657 1186 1682 ea
1206 1650 1252 1682 ut
1276 1650 1434 1682 mature
1456 1643 1570 1691 fiant,
1593 1657 1696 1689 cu-9

292 1715 380 1740 rare
421 1701 546 1740 iubet.
610 1699 689 1739 His
729 1698 1091 1739 senatusconsultis
1127 1698 1329 1753 perfectis,
1372 1699 1420 1739 L.
1444 1698 1665 1739 Cornelius

294 1757 499 1797 Lentulus
515 1756 703 1812 pontifex
725 1756 940 1805 maximus,
959 1755 1198 1796 consulente
1221 1755 1394 1811 collegio
1415 1764 1663 1811 praetorum,

293 1815 479 1855 omnium
500 1815 679 1869 primum
700 1812 899 1868 populum
921 1812 1221 1853 consulendum
1247 1813 1298 1853 de
1319 1828 1414 1853 vere
1435 1828 1548 1853 sacro
1569 1828 1666 1853 cen-

294 1880 376 1912 set:
410 1871 567 1911 iniussu
601 1870 745 1927 populi
778 1870 915 1911 voveri
950 1885 1034 1910 non
1070 1885 1199 1925 posse.

337 2028 355 2054 4
382 2018 444 2047 [Thi
469 2019 546 2047 satis
570 2018 684 2057 quieti]
716 2019 848 2054 Quietis,
864 2027 902 2047 ex
926 2027 956 2047 e-

294 2060 398 2090 mend.
419 2060 558 2089 Gronov.
579 2061 797 2099 reponendum
822 2061 955 2089 suadent

295 2102 385 2131 Crev.
403 2106 434 2131 et
452 2102 588 2133 Bekker.

338 2154 354 2181 5
373 2145 787 2183 (lczurlentiltuffiprnfiwlus]
809 2145 955 2175 (lauden-

295 2187 378 2215 lilms
399 2196 454 2224 pro
477 2186 616 2216 ablativo
637 2187 782 2216 absoluto
799 2187 955 2225 accipien-

295 2229 371 2257 dum
396 2232 501 2257 censet
525 2229 642 2258 Stroth.
673 2229 727 2257 sed
756 2229 855 2258 Drak.
885 2239 957 2258 cum

292 2272 453 2309 profectus
476 2270 636 2308 iungebat,
657 2270 743 2308 quasi
768 2270 888 2299 (lictum
911 2281 956 2299 es-

295 2316 340 2343 set
357 2323 424 2341 cum
439 2314 651 2351 glandencilms
665 2314 835 2351 prqfhctus.

337 2354 355 2385 6
378 2356 523 2384 Dictator
538 2356 669 2391 ilerum]
698 2355 815 2383 Fuerat
828 2354 956 2393 quidem

295 2397 430 2426 dictator
445 2397 554 2435 paullo
570 2401 643 2426 ante
665 2397 723 2426 11οο
747 2397 867 2426 bellum
885 2407 956 2426 cum

295 2441 332 2470 C.
358 2439 516 2468 Flaminio
542 2439 689 2477 magistro
716 2439 880 2476 equitum3
906 2439 960 2468 sed

296 2483 335 2509 011
352 2485 517 2511 occentum
542 2481 648 2511 soricis
670 2481 815 2510 auditum
837 2492 868 2510 se
892 2491 959 2510 mu-

296 2534 369 2553 nere
392 2523 603 2560 abdicaverat,
626 2526 661 2552 ut
683 2523 832 2552 Valerius
855 2523 959 2553 Maxi-

297 2575 367 2594 mus
382 2565 401 2594 i.
423 2576 446 2594 1.
463 2570 578 2595 narrat.

343 2615 358 2644 7
376 2609 464 2642 Quod
477 2609 545 2637 eius
558 2609 627 2637 belli
643 2618 739 2638 cansa
752 2612 854 2637 votnm
866 2609 958 2637 Mau·-

299 2650 321 2677 ti
337 2650 440 2686 foret]
479 2649 551 2678 Hoc
568 2650 667 2688 tangit
683 2651 793 2688 procul
810 2650 906 2680 dubio
923 2660 960 2679 ea

300 2695 382 2723 vota,
405 2700 486 2727 quae
513 2701 596 2728 supr.
621 2691 684 2720 xxi.
710 2691 758 2721 62.
784 2692 899 2721 (licitur
921 2692 958 2722 C.

299 2731 415 2761 Atilius
438 2735 562 2770 praetor
584 2733 740 2771 suscipere
760 2734 871 2769 iussus,
887 2734 909 2763 si
927 2734 959 2763 in

299 2775 408 2803 decem
433 2784 532 2802 annos
558 2775 735 2812 respublica
761 2777 872 2805 eodem
901 2780 959 2805 ste-

299 2816 385 2845 tisset
409 2819 502 2845 statii.
548 2815 598 2844 Ex
623 2816 682 2845 hoc
706 2817 776 2846 10ςο
800 2817 961 2852 discimus,

299 2858 381 2895 quod
407 2858 492 2896 prius
516 2858 678 2886 observare
702 2859 881 2896 neglexerat
909 2859 959 2889 Li-

1280 1870 1450 1925 'togatus
1484 1870 1528 1909 in
1563 1870 1665 1910 haec

1001 2016 1079 2053 vius,
1102 2017 1132 2046 id
1159 2022 1266 2047 votum
1291 2017 1389 2048 Marti
1418 2017 1537 2047 lactum
1561 2015 1666 2046 fuisse.

1001 2061 1105 2090 Cmev.

1043 2104 1060 2131 S
1092 2104 1151 2132 Ver
1165 2103 1306 2138 sacrum]
1336 2102 1558 2140 Quaecunque
1574 2110 1667 2140 prox-

1000 2144 1064 2173 imo
1092 2154 1164 2173 vere
1195 2148 1270 2173 nata
1294 2147 1397 2173 essent
1423 2143 1585 2179 animalia,
1608 2143 1667 2172 diis

1000 2196 1088 2215 sacra
1114 2189 1212 2216 crant.
1267 2186 1377 2220 Quum
1406 2196 1478 2215 vero
1509 2185 1667 2214 crudelius

1001 2228 1159 2258 videretur
1180 2227 1324 2259 immines
1345 2228 1531 2263 interficere,
1552 2226 1666 2264 adulti,

1002 2270 1055 2308 qui
1079 2270 1109 2299 in
1134 2280 1171 2299 eo
1189 2280 1259 2299 vere
1281 2269 1345 2299 nati
1366 2273 1481 2305 essent,
1498 2269 1576 2298 fines
1598 2278 1666 2298 mu-

1001 2316 1068 2341 tare
1085 2312 1184 2341 coacti
1201 2316 1283 2341 sunt.
1315 2312 1353 2342 cf.
1366 2312 1451 2341 Serv.
1468 2312 1508 2340 ad
1523 2312 1602 2341 Aen.
1614 2310 1666 2341 vii.

1004 2353 1071 2393 796.
1096 2354 1210 2383 Festus
1226 2365 1274 2385 vv.
1298 2356 1357 2384 Ver
1372 2355 1514 2383 Sacrum.
1538 2356 1570 2384 et
1592 2354 1667 2383 Ma-

1001 2398 1137 2426 mertini.
1164 2396 1296 2426 Niebhr.
1314 2396 1334 2426 i.
1351 2407 1380 2426 n.
1400 2398 1468 2426 280.

1046 2448 1064 2478 9
1090 2440 1204 2467 (mmm
1219 2450 1256 2469 ea
1272 2443 1308 2468 ἠέ
1328 2443 1450 2469 mature
1460 2439 1560 2477 fiant,
1575 2448 1668 2468 Cura-

1004 2482 1054 2519 re]
1086 2481 1160 2510 Non
1178 2480 1303 2510 iubetur
1318 2481 1364 2510 M.
1378 2481 1535 2510 Aemilius
1550 2490 1587 2510 ea
1603 2489 1667 2509 om-

1005 2522 1057 2552 nia
1080 2533 1136 2561 per
1158 2533 1190 2552 se
1214 2523 1281 2561 ipse
1306 2533 1464 2562 peragere,
1484 2523 1538 2552 sed
1559 2531 1667 2551 curare

1005 2570 1040 2594 ut
1058 2569 1181 2594 mature
1198 2565 1284 2595 fiant.
1332 2566 1445 2603 Itaque
1461 2564 1541 2594 nihil
1556 2574 1668 2603 repug-

1003 2611 1059 2636 nat
1082 2607 1155 2636 huic
1181 2608 1262 2644 loco,
1286 2607 1370 2646 quod
1393 2607 1462 2637 infr.
1486 2606 1595 2636 xxxiii.
1617 2617 1667 2644 44.

1004 2650 1043 2679 A.
1067 2650 1234 2680 Cornelius
1260 2650 1440 2680 Mammula
1465 2659 1518 2678 ver
1544 2657 1667 2678 sacrum

1004 2691 1124 2721 vovisse
1141 2692 1264 2721 dicitur.
1310 2691 1362 2721 Sic
1378 2695 1410 2720 et
1424 2691 1493 2720 infr,
1512 2700 1556 2720 Io.
1573 2690 1668 2719 aedes

1005 2733 1123 2763 Veneri
1138 2734 1295 2763 Erveinae
1312 2736 1442 2762 vovetur
1457 2743 1475 2761 a
1488 2731 1587 2761 Fabio
1603 2730 1666 2760 die-

1004 2780 1115 2811 tatore,
1131 2767 1248 2812 Menti,
1263 2786 1282 2805 a
1299 2775 1337 2804 T.
1355 2774 1493 2805 Otacilio
1513 2776 1666 2812 praetore.

1005 2818 1108 2847 Clusi:
