1871 3178
492 94 614 135 LIB.
650 93 816 135 XXIV.
861 94 1004 135 (JAP.
1038 101 1105 135 40.

80 194 98 223 6
111 184 345 224 certaminis
365 200 434 225 eos
456 185 642 226 irritaret.

111 241 172 281 rio
192 241 370 282 facinore
388 251 557 283 retenta.

170 297 394 339 Marcellus
419 315 495 340 nec
523 301 675 340 tactum
707 299 961 354 improbavit,
989 308 1030 339 ct
1055 299 1250 354 praedam
1283 297 1488 341 Hennen-

112 355 217 396 sium
241 356 439 397 militibus
461 357 673 405 concessit,
690 366 811 404 ratus,
831 356 976 396 timore
998 356 1215 397 deterritos
1237 366 1488 413 temperatu-

113 427 178 453 ros
205 413 508 469 proditionibus
535 413 831 470 praesidiorum
860 413 1030 453 Siculos.
1094 413 1236 469 Atque
1266 430 1315 455 ca
1335 414 1484 463 clades,

112 479 159 510 ut
184 471 295 511 urbis
325 471 363 510 in
395 472 532 512 inedia
561 470 700 511 Sicilia
726 470 840 518 sitae,
867 469 1082 526 claraeque
1111 471 1175 511 vel
1201 472 1253 512 ob
1281 472 1486 528 insignem

114 528 373 569 munimento
405 528 579 569 naturali
611 527 759 576 locum,
786 527 848 567 vel
877 528 928 568 ob
960 537 1116 568 sacrata
1143 529 1282 569 omnia
1306 530 1488 584 vestigiis

114 594 252 640 raptae
279 585 488 641 quondam
520 585 804 640 Proserpinae,
827 600 955 640 prope
981 601 1065 625 uno
1093 585 1159 625 dic
1187 601 1353 627 omnem
1385 587 1488 628 Sici-

113 641 210 682 liam
232 643 418 698 pervasit.
482 642 536 683 Et
558 642 655 698 quia
682 642 808 683 caede
831 642 1000 682 infanda
1020 643 1228 692 rebantur,
1251 659 1334 684 non
1356 644 1489 685 homi-

114 714 215 739 num
248 709 420 748 tantum,
443 699 515 740 sed
537 700 661 740 etiam
690 699 862 740 deorum
891 699 1031 740 sedem
1052 699 1245 741 violatam
1275 716 1375 751 esse,
1399 710 1489 742 tum

114 771 222 805 vero,
257 757 329 812 qui
362 757 485 797 etiam
519 766 614 797 ante
646 756 763 797 dubii
794 757 970 806 fuerant,
1002 757 1190 799 defecere
1227 758 1280 798 ad
1310 759 1486 800 Poenos.

115 812 391 869 Hippocrates
423 814 520 854 inde
554 813 851 869 Murgantiam,
883 814 1066 855 Himilco
1092 815 1372 871 Agrigentum
1402 832 1488 858 sese

112 871 284 926 recepit:
319 886 449 926 quum
463 871 582 912 acciti
596 887 619 911 a
632 871 910 927 proditoribus
926 872 1206 928 nequicquam
1220 873 1273 914 ad
1291 873 1487 915 Hennam

113 928 342 968 exercitum
359 928 647 970 admovissent.
691 928 917 969 Marcellus
933 938 1042 970 retro
1057 930 1100 969 in
1118 930 1346 972 Leontinos
1360 932 1485 973 redit:

111 984 403 1041 frumentoque
425 995 467 1027 et
483 986 780 1027 commeatibus
802 986 890 1027 aliis
911 987 955 1026 in
976 996 1107 1028 castra
1127 989 1348 1038 convectis,
1371 1005 1489 1045 prae-

111 1041 216 1083 sidio
256 1043 419 1084 modico
452 1043 509 1084 ibi
544 1043 700 1093 relicto,
732 1043 787 1084 ad
826 1044 1045 1100 Syracusas
1079 1045 1327 1086 obsidendas
1361 1047 1486 1087 venit.

112 1098 217 1140 Inde
240 1099 321 1156 Ap.
344 1100 522 1141 Claudio
546 1101 725 1142 Romam
747 1101 800 1142 ad
820 1101 1079 1142 consulatum
1101 1103 1329 1157 petendum
1351 1104 1487 1153 misso,

84 1156 163 1197 7T.
191 1156 438 1204 Quinctium
471 1158 713 1213 Crispinum
744 1158 787 1198 in
819 1159 906 1198 eius
939 1158 1075 1199 locum
1112 1159 1229 1200 classi
1264 1161 1488 1216 castrisque

113 1214 306 1268 praeficit
333 1215 550 1255 veteribus.
615 1215 706 1270 Ipse
737 1215 1004 1257 hibernacula
1033 1216 1220 1271 quinque
1246 1217 1374 1258 millia
1398 1233 1489 1273 pas-

112 1285 233 1310 suum
263 1271 485 1328 Hexapylo
508 1272 692 1321 (Leonta
713 1281 861 1312 vocant
888 1272 1046 1327 locum)
1066 1275 1324 1324 communiit,
1347 1275 1489 1316 aedifi-

82 1328 315 1383 8cavitque.
378 1328 495 1370 Haec
536 1329 578 1369 in
623 1328 761 1370 Sicilia
800 1345 930 1385 usque
970 1330 1022 1370 ad
1055 1331 1305 1387 principium
1339 1332 1488 1373 hiemis

112 1393 238 1440 gesta.

171 1441 331 1483 Eadem
364 1453 517 1484 aestate
551 1453 593 1484 et
624 1459 719 1484 cum
756 1443 952 1499 Philippo
989 1459 1098 1499 rege,
1131 1444 1243 1500 quod
1278 1446 1360 1486 iam
1391 1455 1486 1488 ante

113 1509 347 1555 suspectum
377 1500 523 1549 fuerat,
546 1510 704 1541 motum
730 1500 884 1541 bellum
906 1509 978 1541 est.
1040 1502 1187 1557 Legati
1213 1503 1264 1543 ab
1288 1503 1414 1544 Orico
1435 1504 1487 1545 ad

82 1549 101 1610 (ξ
115 1556 175 1597 Μ.
192 1557 403 1598 Valerium
422 1567 652 1613 praetorem
668 1566 883 1605 venerunt,
899 1558 1203 1614 praesidentem
1216 1560 1333 1601 classi
1350 1560 1487 1602 Brun-

113 1613 217 1655 disio
251 1614 550 1671 Calabriaeque
583 1615 692 1655 circa
726 1614 925 1664 litoribus,
955 1616 1206 1666 nuntiantes,
1244 1617 1486 1674 Philippum

113 1671 291 1726 primum
332 1671 600 1727 Apolloniam
641 1681 829 1721 tentasse,
868 1672 1013 1714 lembis
1052 1674 1278 1715 biremibus
1318 1690 1487 1717 centum

1407 101 1485 140 217

707 185 770 226 lta
792 184 958 232 Henna,
982 193 1053 225 ant
1074 184 1281 234 ma10‚aut
1303 201 1484 229 necessa-

154 1821 173 1852 6
196 1823 265 1851 Aut
291 1823 381 1858 mulo,
407 1828 464 1852 ant
494 1824 669 1854 necessario
690 1824 777 1861 faci-
822 1823 891 1853 sula
912 1827 1025 1854 essent.
1071 1824 1161 1855 Solas
1177 1824 1354 1855 Cannensis
1372 1826 1489 1856 exerci-

112 1865 204 1901 nore]
230 1865 296 1894 Aut
312 1865 396 1894 malo
412 1864 562 1900 facinore,
571 1870 627 1895 aut
643 1876 679 1895 eo
693 1866 778 1904 quod

112 1906 281 1936 necessitas
303 1907 407 1937 colore
429 1907 538 1946 aliquo
561 1908 722 1945 defendat,
740 1919 777 1938 ac

113 1948 245 1987 proinde
285 1959 341 1988 pro
378 1950 463 1979 malo
501 1950 644 1980 damnari
682 1955 776 1981 vetet.

113 1992 218 2022 Cruzv.

158 2041 174 2072 7
200 2035 232 2064 T.
250 2035 432 2070 Quinctium
451 2035 653 2074 Crispinum]
681 2036 779 2066 Hunc

112 2075 182 2106 infr.
207 2086 280 2106 xxv.
307 2077 354 2107 18.
382 2087 454 2106 cum
481 2077 584 2107 Badio
611 2078 779 2117 Campano

112 2123 239 2148 strenue
261 2118 293 2148 in
318 2119 497 2158 Campania
520 2124 726 2159 pugnantem,
748 2124 779 2150 et

111 2160 182 2191 infr.
199 2171 272 2192 xxv.
291 2160 338 2191 26.
358 2161 472 2191 iterum
497 2162 605 2192 castris
621 2163 780 2192 veteribus

113 2203 153 2232 ad
177 2203 347 2242 Syracusas
372 2204 568 2243 praefectum
592 2204 779 2242 videbimus,

114 2245 198 2274 unde
214 2246 392 2284 suspicatur
408 2247 572 2277 Drakenb.
589 2251 644 2276 aut
661 2247 778 2287 Crispi-

114 2296 203 2322 num,
227 2287 279 2325 qui
304 2288 366 2327 Ap.
386 2288 524 2319 Claudio
548 2289 699 2319 suffectus
722 2294 779 2327 est,

115 2327 272 2358 diversum
296 2330 390 2360 fuisse
405 2331 445 2359 ab
461 2341 498 2360 eo
515 2330 568 2369 qui
585 2342 657 2361 eum
675 2332 778 2362 Badio

116 2370 280 2410 pugnavit,
305 2376 360 2401 aut
388 2371 515 2401 Livium
540 2372 678 2403 diversos
706 2385 777 2404 auc-

116 2418 199 2442 tores
214 2416 357 2442 secutum
374 2424 450 2444 esse.

158 2456 176 2484 8
199 2456 290 2485 Haec
306 2456 339 2484 in
355 2457 465 2485 Sicilia
481 2467 580 2496 usque
597 2458 640 2486 ad
657 2459 778 2496 princi-

112 2498 203 2536 pium
230 2498 339 2527 hiemis
360 2499 466 2535 qesta]
496 2498 702 2537 Suspicamur
728 2500 779 2530 hie

118 2539 245 2569 Livium
268 2540 401 2569 duorum
427 2550 583 2570 annorum
607 2551 655 2570 res
678 2546 780 2580 gestas

116 2581 148 2611 in
178 2592 278 2611 unum
308 2581 489 2612 miscuisse:
525 2581 631 2620 idque,
658 2584 780 2613 duabus

116 2623 256 2654 maxime
293 2623 423 2654 adducti
460 2623 641 2655 rationibus.
694 2625 780 2662 Una,

117 2666 203 2705 quod
231 2666 311 2696 nihil
341 2666 470 2696 omnino
504 2671 655 2705 sequente
685 2677 780 2705 anno,

117 2719 180 2747 quo
191 2708 240 2739 Ti.
249 2708 453 2748 Sempronius
465 2709 512 2738 II.
527 2711 569 2744 Q.
578 2709 697 2739 Fabius
709 2720 779 2740 con-

117 2752 202 2781 sules
222 2752 320 2787 fuere,
335 2751 367 2781 in
387 2750 494 2781 Sicilia
516 2756 639 2790 gestum
663 2762 780 2782 meino-

117 2797 204 2823 ratur
225 2804 244 2823 a
268 2793 378 2824 Livio:
407 2795 491 2832 quod
514 2804 589 2824 sane
612 2794 781 2825 verisimile

119 2846 181 2865 non
203 2840 260 2873 est,
276 2846 373 2875 quum
399 2836 479 2866 tanti
503 2835 657 2867 exercitus
680 2836 711 2866 in
736 2837 779 2867 in-

822 1870 873 1895 tus
898 1867 939 1896 ad
965 1867 1158 1897 Marcellum
1186 1877 1306 1906 preces,
1331 1868 1490 1907 huiusque

822 1908 929 1938 literas
951 1909 990 1939 de
1017 1909 1055 1939 iis
1080 1910 1121 1939 ad
1144 1914 1288 1939 senatum
1317 1911 1426 1941 retulit
1452 1922 1491 1941 eo

822 1960 905 1980 anno
927 1956 1042 1982 noster.
1088 1952 1227 1989 Deinde,
1251 1952 1406 1992 Polybius
1426 1954 1488 1984 viii.

824 2003 852 2033 9.
869 1993 958 2024 testis
973 1998 1020 2023 est
1033 1994 1225 2024 Marcellum
1243 2005 1300 2033 per
1315 2000 1386 2025 octo
1402 2005 1489 2026 men-

824 2046 871 2065 ses
901 2046 973 2066 cum
1002 2036 1109 2075 Appio
1138 2037 1289 2067 assedisse
1316 2038 1489 2076 Syracusis,

823 2082 995 2117 antequam
1022 2080 1061 2108 ab
1089 2089 1126 2108 eo
1151 2079 1327 2109 discederet
1352 2080 1393 2109 ad
1420 2090 1488 2119 pro-

823 2120 979 2150 hibendas
1003 2131 1058 2159 per
1073 2121 1212 2151 Siciliam
1231 2121 1425 2151 defectiones
1440 2132 1489 2152 ur-

823 2162 923 2200 bium,
939 2168 969 2193 et
986 2163 1111 2193 obviam
1133 2164 1273 2193 eundum
1290 2164 1489 2204 Carthagini-

823 2205 959 2236 ensibus.
1005 2206 1087 2236 Octo
1103 2210 1211 2235 autem
1235 2206 1281 2235 illi
1306 2216 1429 2236 menses
1445 2207 1488 2237 fa-

824 2247 884 2277 cile
927 2248 1067 2287 profecto
1110 2248 1269 2287 reliquum
1307 2249 1491 2279 consulatus

823 2290 972 2320 Marcelli
985 2295 1112 2329 tempus
1124 2295 1396 2329 consumpserunt.
1421 2292 1489 2322 Un-

823 2332 862 2361 de
880 2333 1022 2371 sequitur
1037 2333 1257 2372 expeditiones
1274 2333 1420 2363 Marcelli
1435 2334 1489 2363 ad-

824 2384 930 2404 versus
966 2374 1100 2411 Siculos,
1137 2375 1420 2413 Himilconemque
1457 2380 1487 2405 et

824 2416 1071 2456 Hippocratem,
1087 2417 1119 2446 in
1141 2428 1213 2446 eum
1237 2428 1356 2446 annum
1380 2427 1489 2447 excur-

822 2457 908 2495 risse,
919 2469 981 2497 quo
993 2459 1042 2489 Ti.
1051 2459 1256 2497 Sempronius
1267 2459 1402 2488 alterum
1417 2470 1489 2490 eon—

824 2501 962 2530 sulatum
979 2511 1051 2530 cum
1068 2501 1111 2536 Q.
1126 2501 1225 2530 Fabio
1240 2501 1344 2540 gessit.
1369 2502 1474 2532 (ἷκεν.

865 2552 884 2582 9
906 2544 956 2573 M.
978 2544 1136 2573 Valerium
1150 2544 1345 2581 praetorem]
1373 2543 1414 2573 Id
1431 2548 1489 2581 est,

824 2588 1072 2623 propraetorem,
1102 2588 1137 2614 ut
1171 2585 1286 2614 dicitur
1322 2596 1407 2624 supr.
1440 2596 1488 2617 ρο.

824 2626 1011 2656 Praeturam
1041 2631 1177 2664 gesserat
1207 2636 1290 2657 anno
1319 2628 1487 2668 superiore.

825 2668 864 2698 cf.
880 2679 963 2708 supr.
981 2669 1069 2699 xxiii.
1088 2679 1135 2706 24.
1160 2670 1264 2700 (ἐκεῖ.

876 2721 886 2740 1
915 2712 1151 2742 Praesidentem
1179 2713 1287 2750 classi]
1327 2713 1428 2744 Classi
1455 2714 1487 2744 iu

825 2753 964 2783 ablativo
986 2763 1059 2783 casu
1085 2754 1137 2784 hic
1162 2754 1385 2793 accipiendum
1410 2767 1488 2793 esse,

826 2800 909 2826 recte
924 2801 1031 2826 monet
1049 2796 1172 2827 Duker.
1197 2797 1235 2828 cf.
1248 2797 1318 2828 infr.
1335 2798 1444 2830 xxviii.
1461 2808 1486 2838 7.

825 2849 900 2869 xxx.
922 2848 965 2877 ic).

1505 199 1546 230 U.
1564 200 1602 230 (“.
1625 200 1695 237 538.

1503 243 1539 272 A.
1564 244 1602 272 (J.
1626 251 1695 278 ²¹⁴·

1563 1459 1630 1496 40.

1503 1512 1631 1543 Bellum

1500 1566 1572 1585 cum
1592 1556 1666 1586 Phi-

1500 1598 1599 1638 lippo.
