1871 3178
489 87 613 128 LlB.
650 87 797 128 XXX.
843 87 988 128 CAP.
1023 91 1089 127 26.

93 183 104 200 '¹'
121 191 198 217 nec
220 177 419 217 institutis
440 178 583 233 populi
608 178 800 225 Romani,
825 194 901 218 nec
927 179 1010 218 suis
1033 177 1215 217 moribus
1239 176 1472 228 indignum,
1492 184 1532 215 1⁷.
1551 184 1587 214 ss.
1613 193 1684 223 549-

94 239 104 257 ‘
121 233 162 273 in
182 233 229 273 iis
248 234 448 274 iacturum
467 236 580 284 esse,'
597 250 726 289 quum
745 235 929 283 dixisset,
948 234 1092 287 legatis
1109 233 1300 277 ‹linus-sis,
1319 228 1473 273 bellum
1490 228 1526 257 A.
1551 228 1589 257 (J.
1614 235 1683 264 ²03·

61 291 272 346 5parabat.
348 290 575 331 Hannibali
614 293 693 332 iam
732 301 862 332 terrac
899 287 1248 347 appropinquanti
1288 291 1419 329 iussus
1452 305 1473 329 e

92 348 268 388 nauticis
290 363 397 388 nnus
425 349 648 389 escendere
680 349 720 388 in
753 349 920 397 malum,
949 357 994 388 ut
1022 346 1316 402 specularetur,
1349 361 1473 401 quam

93 414 283 445 tenerent
306 405 532 458 regionem,
556 421 684 460 quum
708 405 893 453 dixisset,
916 404 1150 459 sepulcrum
1174 403 1357 442 dirutum
1382 418 1475 457 pro-

92 476 178 501 ram
210 471 409 516 spectare,
444 463 715 511 abominatus,
750 461 1007 517 praetervehi
1042 461 1150 500 iusso
1183 460 1472 515 gubernatore,

93 517 144 558 ad
169 518 336 573 Leptim
359 519 520 573 appulit
542 519 725 567 classem,
749 529 873 574 atque
897 519 952 559 ibi
975 518 1114 572 copias
1136 517 1338 572 exposuit.

152 574 270 615 lIacc
291 591 340 615 eo
362 591 471 615 anno
494 576 534 615 in
560 576 701 616 Africa
721 584 846 629 gesta.
910 574 1180 629 Insequentia
1200 573 1410 614 excedunt
1433 573 1474 613 in

93 647 189 672 eum
218 647 386 681 annum,
411 648 494 687 quo
518 632 577 672 M.
601 633 797 673 Servilius
821 632 1040 679 Geminus,
1064 631 1134 685 qui
1165 640 1253 671 tum
1284 630 1477 684 magister

93 689 284 744 equitum
320 699 419 737 erat,
457 699 498 730 ct
534 690 599 730 Ti.
627 689 830 730 Claudius
863 688 979 729 Nero
1015 687 1204 728 consules
1236 687 1330 727 facti
1367 695 1474 726 sunt.

96 746 297 786 Ceterum
344 746 460 786 exitu
506 746 727 801 superioris
777 746 875 786 anni
922 760 1051 800 quum
1103 744 1227 799 legati
1274 744 1476 784 sociarum

93 803 259 843 urbium
288 818 340 842 ex
372 802 549 843 Graecia
576 803 712 857 questi
743 811 891 851 essent,
918 811 1094 842 vastatos
1123 816 1240 857 agros
1273 802 1324 841 ab
1355 800 1478 855 regiis

93 859 320 915 praesidiis,
343 859 631 914 profectosque
661 860 703 899 in
732 859 1027 901 Macedoniam
1056 859 1213 914 legatos
1241 858 1293 898 ad
1322 873 1386 898 res
1414 872 1478 897 re-

92 915 295 971 petendas
325 931 409 956 non
438 916 635 957 admissos
660 917 712 957 ad
738 916 981 972 Philippum
1013 931 1179 970 regem:
1214 915 1336 955 simul
1369 929 1478 954 nun-

94 973 276 1021 tiassent,
295 981 492 1028 quattuor
512 973 641 1013 millia
662 973 840 1014 militum
863 989 957 1013 cum
983 973 1157 1027 Sopatro
1179 972 1284 1012 duce
1309 971 1479 1011 traiecta

93 1029 137 1070 in
160 1029 347 1070 Africam
376 1030 471 1078 dici,
499 1039 545 1070 ut
575 1040 711 1071 essent
743 1030 1158 1085 Carthaginiensibus
1189 1028 1407 1084 praesidio,
1437 1035 1477 1068 et

93 1087 295 1142 pecuniae
325 1087 585 1142 aliquantum
614 1103 697 1127 una
728 1084 924 1134 missumss
958 1086 1114 1140 legatos
1144 1086 1197 1126 ad
1229 1100 1381 1140 regem,
1405 1084 1476 1139 qui
1492 1093 1603 1131 Legati
1620 1094 1660 1123 ad

93 1143 197 1183 hacc
225 1143 419 1184 adversus
440 1144 586 1184 foedus
607 1145 713 1185 facta
733 1144 864 1184 videri
888 1144 1080 1184 Patribus
1105 1143 1358 1190 nuntiarent,
1383 1142 1477 1181 mit-
1492 1137 1683 1194 Philippum

95 1200 243 1240 tendos
265 1201 425 1241 censuit
447 1210 624 1241 senatus.
680 1201 799 1241 Missi
825 1201 874 1241 C.
895 1201 1118 1241 Terentius
1140 1199 1286 1248 Varro,
1313 1199 1362 1239 C.
1383 1198 1478 1238 Ma·
1490 1188 1612 1251 Ἠΐῐξζῆ

95 1257 245 1306 milius,
269 1257 330 1297 M.
352 1257 560 1298 Aurelius.
625 1257 680 1298 Iis
702 1267 783 1298 tres
806 1258 1127 1313 quinqueremes
1149 1256 1280 1297 datae.

153 1314 306 1354 Annus
337 1315 510 1370 insignis
546 1315 743 1355 incendio
779 1315 952 1370 ingenti,
986 1330 1069 1370 quo
1105 1314 1234 1354 clivus
1265 1312 1480 1353 Publicius

95 1371 149 1412 ad
173 1370 306 1412 solum
332 1381 502 1412 exustus
528 1381 602 1421 est,
626 1382 668 1412 et
695 1387 897 1427 aquarum
926 1370 1226 1426 magnitudine.
1293 1369 1376 1409 Sed
1408 1384 1480 1409 an-

94 1443 229 1469 nonae
252 1428 384 1469 vilitas
405 1428 495 1477 fuit,
518 1437 808 1484 praeterquam
830 1429 944 1484 quod
968 1443 1068 1484 pace
1095 1428 1229 1468 omnis
1251 1426 1372 1467 Italia
1393 1435 1480 1467 erat

95 1493 250 1541 aperta,
285 1486 411 1526 etiam
446 1486 561 1540 quod
596 1501 789 1541 magnam
822 1486 904 1526 vim
940 1485 1151 1534 frumenti,
1187 1499 1240 1525 ex
1274 1483 1480 1539 Hispania

94 1542 273 1592 missam,
311 1542 373 1583 M.
404 1542 597 1583 Valerius
632 1543 750 1583 Falto
786 1553 829 1583 et
865 1542 926 1583 M.
965 1542 1116 1583 Fabius
1152 1541 1290 1582 Buteo
1325 1539 1479 1581 aediles

63 1583 258 1644 {curules
279 1599 490 1654 quaternis
512 1600 616 1640 aeris
636 1600 803 1640 vicatim
824 1599 979 1655 populo
1000 1599 1319 1654 descripserunt.

69 1645 79 1665 ⁴
155 1655 318 1696 Eodem
343 1672 453 1697 anno
479 1657 531 1704 Q.
552 1656 702 1697 Fabius
725 1656 939 1697 Maximus
964 1656 1151 1704 moritur,
1174 1664 1343 1695 exactae
1369 1662 1481 1694 aeta·
1495 1660 1537 1695 Q.
1552 1660 1641 1690 Fabii

96 1713 173 1761 tis;
206 1713 413 1768 siquidem
434 1728 578 1754 verum
600 1723 674 1763 est,
697 1728 898 1768 augurem
920 1713 1024 1753 duos
1045 1721 1086 1753 et
1114 1712 1329 1767 sexaginta
1350 1725 1480 1751 annos
1494 1703 1583 1774 ἓῒῙἙΧ·
1598 1713 1682 1774 ’ἷᾞω

96 1769 233 1818 fuisse,
257 1770 372 1825 quod
401 1770 573 1825 quidam
602 1779 789 1811 auctores
817 1779 925 1810 sunt.
988 1769 1066 1809 Vir
1093 1778 1204 1810 certe
1229 1769 1308 1809 fuit
1329 1768 1480 1823 dignus
1554 1756 1661 1775 aust..

97 1835 212 1867 tanto
234 1827 497 1882 cognomine,
519 1827 584 1867 vel
606 1828 639 1868 si
660 1842 816 1868 novum
838 1827 889 1867 ab
911 1842 961 1867 eo
982 1827 1197 1882 inciperet.
1262 1824 1481 1880 Superavit

96 1891 290 1939 paternos
325 1883 515 1932 honores,
554 1885 683 1925 avitos
718 1885 922 1939 aequavit.
985 1883 1182 1924 Pluribus
1216 1881 1399 1923 victoriis
1441 1890 1483 1921 et

97 1941 320 1980 maioribus
340 1941 506 1995 proeliis
528 1955 627 1980 avus
648 1941 821 1995 insignis
844 1939 1018 1987 Rullus3
1048 1940 1122 1979 sed
1144 1939 1284 1979 omnia
1304 1953 1481 1993 aequare

98 2011 205 2036 unus
226 1996 355 2036 hostis
377 1995 591 2036 Hannibal
612 2004 760 2051 potest.
826 1995 1001 2036 Cautior
1021 2004 1174 2044 tamen,
1197 2009 1322 2049 quam
1344 2009 1483 2049 prom-

98 2053 219 2108 ptior,
252 2052 321 2093 hie
353 2053 518 2093 habitus
547 2052 651 2093 fuit:
691 2061 745 2101 et,
779 2052 886 2092 sicut
921 2051 1098 2100 dubites,
1136 2061 1277 2091 utrum
1313 2050 1482 2106 ingenio

98 2118 314 2150 cunctator
333 2109 469 2158 fuerit,
492 2124 545 2149 an
567 2109 665 2164 quia
694 2109 750 2149 ita
774 2108 882 2149 bello
909 2108 1088 2164 proprie,
1111 2107 1226 2163 quod
1252 2116 1340 2147 tum
1365 2122 1483 2162 gerc-

1393 90 1471 128 527

1491 447 1616 485 Leptim

1487 489 1623 527 appellit

1490 531 1666 560 Hannibal.

1553 576 1618 612 26.

65 1814 84 1844 8

65 1865 85 1896 9

143 2235 160 2265 5
177 2227 290 2257 Iussus
301 2237 318 2257 e
330 2227 469 2257 nauticis
482 2227 582 2263 unus]
602 2236 644 2256 sc.
658 2225 769 2260 Quum

101 2278 183 2298 unus
198 2278 215 2298 e
231 2269 378 2305 nauticis,
393 2278 435 2298 se.
450 2269 494 2298 rei
509 2268 633 2298 navalis
650 2268 769 2306 peritis,

100 2310 203 2340 iussus
231 2311 271 2340 ab
303 2310 490 2340 Hannibale
516 2333 523 2340 .
541 2334 548 2340 .
565 2333 573 2340 .
590 2333 597 2340 .
627 2310 770 2345 dixisset,

102 2351 271 2382 Hannibal
286 2352 501 2389 abominatus,
517 2362 559 2382 sc.
573 2361 666 2382 omen
683 2361 769 2381 aver-

101 2397 200 2429 satus,
216 2397 276 2424 etc.

144 2435 163 2467 6
188 2437 362 2472 Qaaternis
377 2437 478 2473 cteris]
506 2435 681 2470 Quaternis
696 2435 770 2465 assi-

103 2479 162 2507 bus
182 2477 214 2507 in
235 2478 368 2508 modios.
414 2478 466 2507 Sic
487 2478 571 2508 enim
594 2477 664 2507 infr.
682 2477 770 2508 xxxi.

105 2529 153 2558 50.
192 2519 343 2549 dicuntur
375 2520 495 2550 aediles
526 2529 674 2557 magnam
707 2519 771 2548 vim

103 2561 256 2591 frumenti
273 2563 354 2592 binis
370 2564 454 2592 aeris
475 2563 507 2592 ιή
526 2562 640 2591 modios
652 2562 771 2599 populo

104 2603 256 2634 divisisse.
281 2604 320 2634 cf.
344 2614 428 2642 supr.
453 2603 493 2634 iv.
522 2603 568 2634 16.
591 2605 714 2633 assibus
737 2605 769 2632 in

103 2646 220 2676 modios
235 2647 445 2676 aestimatum.

150 2694 166 2726 7
198 2689 327 2718 Vicetini
362 2689 481 2728 populo
518 2688 769 2726 descripserunt]

107 2729 347 2759 Distribuerunt
374 2730 507 2769 populo,
533 2733 655 2759 certum
680 2729 774 2767 assig-

106 2772 212 2801 nando
240 2772 391 2802 frumenti
416 2772 549 2801 modum
575 2771 607 2800 in
635 2771 776 2810 singulos

107 2813 204 2850 vicos,
220 2824 276 2853 pro
293 2814 413 2844 ratione
430 2818 459 2844 et
482 2823 614 2843 numero
634 2813 773 2843 incolen-

814 2224 905 2254 tium.
930 2224 1035 2255 CREV.

857 2267 876 2296 8
907 2267 962 2297 Vel
988 2268 1016 2296 εἰ
1046 2277 1161 2296 novum
1186 2266 1225 2294 ab
1249 2275 1284 2296 eo
1309 2266 1481 2303 inciperet]

815 2309 1001 2347 Cognomen
1018 2309 1160 2338 sslaa‘imi
1176 2318 1255 2337 avus
1275 2307 1342 2336 eius
1365 2307 1485 2336 Rullus

815 2351 873 2381 sibi
890 2354 1069 2389 pepererat,
1081 2353 1279 2379 memorante
1293 2349 1385 2378 Livio
1398 2358 1483 2387 supr.

816 2392 857 2422 ix.
883 2392 932 2429 46.
956 2392 1052 2431 idque
1075 2391 1209 2431 posteris
1235 2390 1484 2421 haereditarium

815 2435 996 2473 reliquerat.
1020 2435 1125 2464 szv.

857 2486 876 2517 9
899 2477 1073 2516 Superat-it
1086 2480 1239 2514 paternos
1257 2476 1401 2511 honores,
1418 2475 1484 2504 avi-

816 2523 861 2548 tos
894 2519 1060 2558 aequavit]
1102 2517 1290 2547 Honoribus
1322 2517 1484 2556 magistra-

816 2566 907 2590 tuum
924 2559 1084 2599 superavit
1102 2564 1241 2598 patrem:
1260 2569 1356 2588 avum
1369 2568 1484 2597 aequa-

816 2602 869 2632 vit.
903 2603 1034 2640 Nempe
1051 2602 1094 2637 Q.
1106 2602 1226 2631 Fabius
1239 2601 1375 2640 Gurges,
1388 2611 1484 2639 quem

817 2644 927 2674 Livius
961 2643 1154 2673 existimavit
1193 2648 1315 2683 patrem
1354 2642 1485 2672 huiusce

818 2686 922 2721 Fabii,
935 2690 982 2715 ter
998 2690 1123 2715 tantum
1141 2686 1251 2716 consul
1268 2685 1326 2715 fuit
1342 2696 1347 2715 :
1367 2685 1487 2716 Rullus

819 2728 998 2767 quinquies,
1018 2733 1052 2757 ut
1075 2732 1107 2758 et
1130 2727 1182 2759 hic
1203 2728 1268 2758 sire
1292 2737 1402 2766 nepos,
1421 2726 1487 2756 sive

821 2780 988 2810 pronepos,
1013 2771 1118 2802 CRFX.
