1871 3178
516 66 640 107 LIB.
675 66 846 107 XXIX.
890 66 1028 107 CAP.
1069 72 1127 107 12.

186 155 413 211 Neglectae
436 171 486 196 eo
508 157 677 197 biennio
699 172 762 197 res
784 157 825 196 in
851 156 1028 197 Graecia
1049 165 1177 196 erant.

95 191 281 267 8lippus
308 213 492 261 Aetolos,
535 213 718 253 deseltos
758 213 808 253 ab
854 212 1058 261 Romano,
1093 213 1159 253 cui
1201 213 1274 252 uni
1310 213 1507 263 fidebant,

126 268 294 317 auxilio,
318 270 468 324 quibus
490 269 620 309 voluit
641 269 966 332 conditionibus,
987 269 1039 309 ad
1068 269 1292 324 petendam
1314 279 1356 309 et
1377 271 1508 324 pacis-

125 325 300 365 cendam
323 326 486 381 subegit
514 341 668 381 pacem.
736 326 862 372 Quod
891 326 970 364 nisi
992 341 1105 365 omni
1129 341 1167 365 Vl
1195 326 1392 380 pellicere
1423 341 1507 367 ma-

1432 72 1510 110 471

1244 157 1387 212 Itaque
1411 157 1511 197 Phi·
1529 167 1570 198 U.
1587 170 1624 199 C.
1647 178 1717 208 547-

1523 211 1561 240 A.
1586 212 1623 240 C.
1648 220 1717 250 205.

1589 255 1650 291 12.

1521 308 1627 338 Aetoli
1647 319 1698 347 pa-

1520 361 1588 380 cern
1611 361 1682 380 cum

126 389 311 430 tinasset,
344 382 566 423 bellantem
595 398 691 423 eum
719 397 814 422 cum
847 381 1009 422 Aetolis
1041 382 1086 422 l'.
1115 381 1384 436 Sempronius
1412 392 1674 440 pro-111i1ip1p2

123 438 280 487 consul,
303 454 512 479 successor
540 439 701 493 imperii
725 439 869 478 missus
898 438 1094 493 Sulpicio,
1118 453 1213 478 cum
1239 438 1386 479 decem
1415 440 1506 479 mil—

122 492 230 534 libus
247 495 449 549 peditum,
468 505 509 535 et
532 495 642 535 mille
665 495 887 549 equitibus,
907 504 950 534 et
970 495 1138 550 tiiginta
1155 495 1342 550 quinque
1357 505 1506 537 rostra-

123 550 175 590 tis
203 552 377 591 navibus
401 551 533 605 (haud
565 567 661 606 parv
666 567 735 591 ιιιιι
768 561 1026 592 momentum
1058 551 1111 591 ad
1137 566 1260 606 opem
1291 552 1505 594 terendam

121 607 261 661 sociis)
282 609 559 663 oppressisset.
627 608 661 647 V
666 608 810 648 ixdum
833 623 932 663 paee
947 610 1066 656 facta,
1086 608 1256 648 nuntius
1274 609 1360 663 regi
1377 610 1503 658 venit,

123 662 336 705 Romanos
368 664 679 720 Dyrrhachium
710 665 892 704 venisse:

120 734 253 774 quas.
243 721 341 761 alias
361 730 506 777 gentes
529 729 660 761 motas
682 736 768 761 esse
798 721 850 761 ad
871 735 987 776 spem
1013 736 1095 761 nov
1098 721 1196 761 andi
1218 736 1306 762 les:

88 775 290 832 9lumque
308 755 550 841 oppugnari.
606 776 669 817 Eo
686 792 728 817 se
746 785 955 818 ver-terant
973 777 1153 818 Romani
1171 778 1222 818 ab
1240 777 1502 828 Aetolorum

120 848 204 887 quo
237 834 348 874 missi
381 842 511 883 erant,
543 833 711 882 auxilio,
743 834 778 873 ii
781 834 850 883 ati,
883 833 997 889 quod
1032 834 1120 875 sine
1157 835 1398 875 auctoritate
1431 850 1505 876 sua

1189 891 1252 931 Ea
1272 906 1403 945 quum
1431 907 1504 932 au-

91 905 103 926 1
118 889 312 930 adversus
333 890 478 930 foedus
507 905 603 931 cum
631 905 728 945 rege
754 905 900 945 pacem
921 890 1125 931 fecissent.

117 945 245 986 disset
269 946 503 1002 Philippus,
526 961 578 987 nc
601 948 674 1002 qui
677 924 838 987 r>motus
864 947 994 987 maior
1021 948 1064 987 in
1092 947 1280 987 finitimis
1307 948 1502 1002 gentibus

116 1002 363 1058 populisque
392 1004 580 1052 oriretur,
603 1004 763 1058 magnis
788 1003 1005 1043 itineribus
1033 1003 1302 1058 Apolloniam
1329 1013 1502 1044 conten—

116 1058 201 1107 dit;
235 1074 319 1114 quo
353 1059 623 1123 Sempronius
653 1075 695 1100 se
727 1068 951 1114 receperat,
983 1060 1106 1100 misso
1139 1059 1333 1100 Laetorio
1364 1060 1501 1115 legato

86 1129 211 1155 zeum
233 1126 348 1170 parte
370 1117 582 1171 copiarum
605 1124 646 1156 et
666 1116 908 1170 quindecim
934 1116 1141 1156 navibus
1132 1131 1174 1155 m
1202 1093 1430 1165 Aetoliam,
1449 1117 1502 1156 ad

115 1172 304 1213 visendas
334 1187 410 1221 res,
441 1187 684 1227 pacemque,
715 1173 745 1211 5ἰ
778 1181 928 1227 posset,
958 1172 1218 1212 turbandam.
1280 1172 1501 1227 Philippus

115 1243 233 1283 agros
256 1228 589 1284 Apolloniatium
618 1228 802 1277 vastavit,
826 1238 879 1277 et,
903 1228 956 1269 ad
985 1229 1131 1269 urbem
1159 1228 1335 1269 admotis
1357 1229 1499 1284 copiis,

116 1293 364 1340 potestatem
390 1300 555 1340 pugnae
580 1285 701 1325 Rom
694 1300 773 1325 ano
794 1286 903 1325 fecit.
970 1285 1109 1332 Quem
1140 1294 1360 1340 postquam
1383 1300 1501 1340 quie·

115 1350 205 1381 tum
227 1355 366 1382 muros
383 1341 673 1382 tantummodo
695 1342 803 1382 tueri
824 1341 943 1391 vidit,
960 1357 1038 1382 nec
1060 1341 1156 1382 satis
1178 1341 1311 1381 fidens
1332 1341 1499 1390 viribus,

114 1406 162 1438 ut
183 1398 327 1438 urbem
355 1406 628 1462 oppugnaret,
651 1406 691 1438 et
718 1413 812 1438 cum
843 1398 1043 1438 Romanis
1065 1412 1246 1453 quoque,
1271 1398 1376 1438 sicut
1403 1412 1499 1438 cum

115 1454 291 1503 Aetolis,
310 1455 482 1518 cupiens
503 1469 661 1518 pacem,
676 1455 709 1494 si
730 1463 881 1509 posset,
899 1455 962 1494 sin
985 1455 1134 1503 minus,
1153 1454 1334 1494 indutias
1349 1454 1498 1503 faeere,

114 1510 220 1550 nihil
241 1510 350 1552 ultra
370 1511 538 1551 irritatis
566 1526 673 1551 noxo
703 1512 927 1551 certamine
951 1511 1101 1559 odiis,
1093 1526 1135 1550 in
1160 1525 1336 1565 regnum
1364 1525 1406 1551 se
1434 1525 1499 1551 re-

114 1567 236 1622 cepit.

927 664 1232 719 Parthinosque
1264 673 1306 705 et
1336 666 1506 761 Ῑόφρίῐῖ-

1388 737 1469 762 1ma
1487 747 1504 753 -

1519 434 1651 464 faciunt.

299 1567 382 1607 Per
415 1567 529 1607 idem
571 1576 762 1622 tempus,
781 1567 919 1607 taedio
952 1567 1105 1607 diutini
1137 1566 1248 1615 belli,
1287 1566 1497 1621 Epirotae,
1514 1576 1663 1617 Itemque

114 1630 272 1663 tentata
291 1624 406 1679 prius
436 1623 723 1664 Romanorum
751 1623 978 1672 voluntate,
1000 1623 1157 1677 legatos
1184 1622 1235 1662 de
1261 1637 1363 1677 paee
1385 1638 1499 1663 com·
1512 1618 1663 1651 Romam.

113 1680 229 1719 muni
258 1681 311 1720 ad
341 1680 585 1743 Philippum
615 1680 788 1728 mise1e;
821 1679 917 1720 satis
948 1679 1172 1727 confidere,
1199 1688 1499 1720 conventuram

112 1751 216 1784 eam,
239 1736 500 1785 affirmantes,
527 1751 560 1776 s1
591 1736 644 1776 ad
659 1735 927 1800 colloquium
955 1751 1052 1776 cum
1081 1735 1128 1775 P.
1152 1734 1430 1790 Sempronio
1419 1751 1498 1776 im-

80 1800 300 1848 3peratore
343 1792 535 1833 Romano
574 1793 766 1833 venisset
835 1792 971 1833 Facile
1012 1792 1295 1847 impetratum,
1337 1792 1496 1847 (neque

111 1849 224 1889 enim
245 1864 298 1890 ne
316 1849 445 1913 ipsius
466 1848 638 1904 quidem
660 1849 768 1904 legis
789 1849 1035 1889 abhorrebat
1055 1849 1238 1902 animus)
1260 1857 1306 1889 ut
1326 1848 1371 1888 in
1394 1848 1496 1904 Epi-

110 1919 203 1945 rum
224 1906 427 1946 transiret.
490 1905 702 1946 Phoenice
725 1905 820 1945 urbs
842 1913 903 1945 est
926 1905 1069 1960 Epiri.
1103 1905 1162 1945 ibi
1182 1905 1295 1960 prius
1316 1904 1496 1945 collocu-

79 1969 177 2003 4tus
206 1976 281 2001 rex
313 1977 408 2002 cum
441 1962 624 2016 Aeropo,
657 1970 699 2001 et
731 1961 887 2009 Darda,
919 1970 962 2000 et
997 1960 1195 2014 Philippo
1227 1960 1495 2014 Epirotarum

111 2018 381 2072 praetoribuS‚
399 2026 542 2072 postea
563 2032 659 2056 cum
679 2017 727 2056 P.
748 2016 994 2071 Sempronio
1015 2016 1294 2070 congreditur
1357 2016 1494 2057 Affuit

110 2073 318 2128 colloquio
349 2082 391 2113 et
423 2073 699 2128 Amynander
724 2072 1012 2112 Athamanum
1041 2087 1127 2120 rex,
1161 2081 1202 2112 et
1232 2071 1493 2126 magistratus

110 2129 180 2170 alii
202 2129 468 2186 Epirotarum
490 2137 532 2170 et
553 2129 834 2171 Acarnanum.
897 2128 1062 2171 Primus
1087 2127 1308 2184 Philippus
1328 2139 1493 2184 praetor

822 2284 917 2313 quem
942 2279 1105 2305 auctorem
1131 2278 1258 2305 secutus
1283 2278 1329 2304 est
1351 2274 1490 2304 Bekker.

823 2317 943 2346 Noster
958 2317 1044 2346 haud
1060 2317 1155 2346 dubie
1172 2317 1234 2346 fide
1252 2316 1390 2354 plurium
1407 2316 1490 2345 codi-

110 2276 271 2307 Martialis
296 2276 377 2305 alius
402 2277 441 2306 ab
466 2276 523 2305 illo
548 2275 600 2311 sit,
624 2285 664 2304 an
691 2275 776 2304 idem

110 2319 174 2348 duo
190 2318 335 2347 habuerit
358 2317 544 2353 sacerdotia,
561 2327 601 2346 an
623 2317 779 2346 memoria

111 2359 240 2389 Livium
253 2359 414 2395 fefellerit,
427 2359 584 2388 incertum
599 2358 778 2396 relinquere

111 2401 262 2440 cogimur.
287 2401 392 2431 CREV.

153 2444 172 2472 8
194 2444 343 2473 Desertos
369 2443 408 2471 ab
430 2441 589 2480 Romano]
626 2443 779 2471 Romanis

110 2488 239 2514 auctore
255 2484 414 2513 Rhenano
430 2483 569 2522 reposuit
587 2483 726 2514 Bekker.

152 2536 172 2566 9
195 2527 245 2555 Ab
271 2527 456 2556 Aetolorum
480 2548 488 2555 .
506 2548 512 2555 .
530 2548 537 2555 .
562 2524 701 2563 ααιυὶἶίο]
735 2534 777 2554 se.

111 2568 162 2598 Ab
178 2567 299 2597 auxilio
316 2566 440 2596 Aetolis
455 2567 595 2596 ferendo.

157 2619 169 2639 1
195 2610 360 2639 Aduersus
373 2607 508 2647 foedus]
528 2608 554 2637 F
558 2607 678 2638 oederis
694 2607 780 2646 leges

110 2660 196 2689 supr.
212 2650 298 2680 xxvi.
318 2659 366 2688 24.
383 2653 609 2680 memorantur.

155 2702 172 2721 2
196 2694 239 2722 In
264 2693 433 2728 Aetoliam,
460 2693 502 2721 ad
532 2692 678 2722 visendas
707 2690 774 2729 res]

112 2734 273 2772 Copulam
294 2739 324 2764 et
342 2744 382 2764 ex
400 2734 450 2764 ed.
467 2733 571 2772 prima
592 2737 667 2762 ante
686 2742 779 2762 voces

111 2777 154 2805 ad
183 2777 330 2807 visendas
362 2787 412 2807 res
446 2775 606 2805 revocavit
637 2774 776 2805 Gronov.

823 2368 895 2388 cum
912 2358 1006 2388 nixus
1023 2359 1213 2397 particulam
1229 2357 1393 2387 resecavit.

867 2409 883 2438 3
907 2402 1020 2439 iVeque
1051 2401 1133 2430 enim
1165 2410 1204 2429 ne
1234 2400 1336 2437 ipsius
1365 2399 1491 2438 quidem

822 2441 921 2480 reglis]
973 2441 1103 2471 Etenim
1143 2441 1266 2470 duabus
1306 2440 1491 2470 huiusmodi

823 2482 988 2521 particulis
1012 2482 1176 2521 negativis,
1198 2486 1323 2511 tantum
1343 2483 1431 2511 abest
1454 2486 1492 2512 ut

822 2525 949 2562 negatio
985 2525 1129 2559 tollatur,
1166 2528 1202 2553 ut
1241 2523 1365 2553 Graeco
1402 2533 1490 2554 more-

823 2566 918 2595 etiam
936 2565 1046 2594 fortior
1057 2566 1216 2595 reddatur.
1234 2565 1272 2596 cf.
1284 2575 1367 2604 supr.
1378 2565 1489 2597 xxviii.

824 2616 873 2646 27.
889 2607 959 2636 infr.
976 2607 1064 2637 xxxi.
1083 2607 1132 2645 38.

865 2660 884 2685 4
906 2650 952 2679 Et
977 2648 1109 2687 Darda]
1144 2650 1255 2679 Derda
1286 2648 1318 2678 in
1346 2653 1407 2679 vet.
1434 2649 1489 2679 lib.

823 2691 885 2729 legi
915 2690 1141 2720 animadvertit
1172 2690 1329 2730 Sigonius.
1375 2689 1490 2727 Δέρδου

822 2733 909 2771 apud
921 2732 1067 2771 Thucyd.
1082 2732 1100 2762 i.
1116 2742 1165 2772 59.
1176 2733 1299 2771 legitur.
1311 2733 1366 2763 sed
1375 2734 1489 2763 Darda

823 2775 930 2813 plures
946 2775 1036 2805 codd.
1055 2774 1217 2805 exhibent.
