1809 3178
479 122 600 163 LIB.
635 121 782 163 XXII.
826 122 969 163 CAP.
1004 128 1068 164 24.
1411 128 1463 166 85

92 209 251 250 tertiam
273 220 430 265 partem
453 211 629 252 militum
658 211 968 259 frumentatum,
991 212 1151 252 duabus
1171 213 1214 252 in
1237 214 1376 254 castris
1398 230 1460 255 re·
1478 225 1518 255 U.
1536 226 1574 255 (¹.
1597 234 1666 262 §.45-

90 266 225 316 tentis,
248 265 426 308 dimisit:
460 269 556 309 dein
579 278 709 309 castra
730 269 817 324 ipsa
858 270 1009 324 ›ropius
1031 269 1189 309 hostem
1213 271 1353 317 movit,
1376 272 1459 311 (luo
1474 269 1512 298 Α·
1536 269 1574 298 C·
1597 277 1665 306 2¹7·

88 322 215 364 ferme
237 340 261 364 a
285 324 469 366 Geronio
492 326 630 374 millia,
655 326 695 365 in
729 284 934 366 tumulum
964 326 1069 367 hosti
1091 336 1381 382 eonspectuin3
1416 339 1460 369 ut

87 380 295 422 intentum
325 383 446 423 sciret
477 398 561 424 esse
602 383 654 422 ad
694 383 1021 432 frumentatores,
1053 384 1085 423 si
1116 399 1198 438 qua
1229 385 1288 424 vis
1329 385 1458 434 ficret,

88 438 293 479 tutandos.
357 440 531 495 Propior
561 440 657 480 inde
689 440 739 488 ei,
769 450 894 495 atque
927 441 1022 496 ipsis
1054 441 1273 481 imminens
1307 441 1459 482 Roma-

86 510 233 536 norum
266 497 406 537 castris
438 497 618 537 tumulus
649 497 859 552 apparuit:
908 497 959 538 ad
992 513 1114 552 quem
1147 498 1394 553 capiendum
1426 500 1457 539 si

87 551 177 593 luce
215 554 349 609 palam
386 555 525 602 iretur,
562 554 660 609 quia
695 554 805 594 haud
846 554 971 595 dubie
1008 555 1135 595 hostis
1175 555 1358 596 breviore
1395 557 1460 597 via

55 621 383 664 3praeventurus
416 621 515 660 crat,
548 621 669 652 nocte
711 611 815 652 clam
850 612 958 651 missi
998 612 1207 652 Numidae
1243 622 1455 668 ceperunt.

89 667 207 714 Quos
224 677 411 709 tenentes
431 668 580 717 locum,
599 678 838 724 contempta
854 669 1076 724 paucitate,
1098 669 1276 710 Romani
1294 680 1458 725 postero

85 724 153 765 die
175 740 303 781 quum
326 725 583 774 deiecissent,
606 726 682 781 ipsi
704 741 753 766 eo
776 726 1026 767 transferunt
1046 736 1186 768 castra.
1250 727 1360 767 Tum
1382 728 1458 768 ita-

85 797 180 837 que,
204 791 249 823 ut
279 782 476 837 exiguum
507 783 628 838 spatii
649 782 802 824 vallum
833 799 857 823 a
876 783 982 824 vallo
1011 784 1163 833 aberat,
1186 793 1227 825 et
1248 784 1292 824 id
1323 785 1457 840 ipsum

53 856 71 883 4
86 848 218 880 totum
240 854 366 895 prope
383 839 659 894 compleverat
683 840 873 881 Romana
893 841 1011 889 acies,
1027 840 1147 881 simul
1170 850 1211 882 et
1231 856 1305 897 per
1318 857 1458 883 aversa

83 906 214 938 castra
244 912 268 937 a
299 897 439 938 eastris
473 896 721 938 Hannibalis
752 898 972 953 equitatus,
1009 914 1103 939 cum
1140 898 1219 939 levi
1255 908 1459 940 armatura

83 954 254 994 emissus
284 954 327 994 in
357 954 686 1003 frumentatores,
718 954 798 995 late
824 955 993 996 caedem
1023 956 1246 1011 fugamque
1278 956 1457 997 hostium

82 1011 311 1066 palatorum
338 1012 446 1053 fecit.
510 1012 601 1052 Nec
632 1012 717 1053 acic
749 1022 905 1053 certare
939 1012 1151 1053 Hannibal
1182 1029 1326 1062 ausus3
1359 1014 1457 1069 quia

83 1077 197 1109 tanta
217 1069 423 1124 paucitate
444 1069 512 1109 vix
535 1079 676 1119 castra,
700 1070 732 1109 si
761 1079 1112 1125 oppugnarentur,
1136 1071 1258 1111 tutari
1280 1080 1451 1126 poterat.

51 1133 68 1164 5
83 1125 256 1181 Iamque
279 1126 432 1167 artibus
454 1126 582 1176 Fabii,
606 1128 718 1182 (pars
739 1127 945 1167 exercitus
966 1127 1124 1181 aberat)
1142 1128 1221 1179 iam
1244 1128 1370 1169 ferme
1393 1143 1456 1168 se-

82 1183 221 1224 dendo
252 1192 294 1224 et
324 1184 559 1224 cunctando
588 1183 740 1224 bellum
766 1184 947 1237 gerebat,
970 1193 1262 1239 receperatque
1293 1200 1386 1225 suos
1411 1186 1454 1226 in

80 1240 218 1295 priora
252 1249 394 1289 castra,
427 1255 532 1295 quae
563 1255 637 1295 pro
671 1240 845 1280 Geronii
878 1241 1091 1281 moenibus
1131 1251 1259 1282 crant.
1341 1241 1455 1282 Iusta

81 1312 248 1352 quoque
272 1297 358 1337 acie
388 1305 429 1337 et
453 1297 612 1337 collatis
642 1297 768 1351 signis
799 1297 1052 1346 dimicatum,
1075 1298 1245 1352 quidam
1267 1308 1454 1340 auctores

79 1363 188 1395 sunt.
251 1354 392 1395 Primo
427 1369 628 1394 concursu
665 1354 854 1394 Poenum
890 1370 1019 1409 usque
1055 1355 1108 1395 ad
1143 1365 1274 1395 castra
1304 1356 1452 1405 fusum,

80 1411 179 1452 inde
201 1412 417 1467 eruptione
435 1411 542 1452 faeta
561 1420 732 1466 repente
754 1426 916 1451 versum
938 1420 1132 1452 terrorem
1155 1412 1197 1451 in
1222 1412 1450 1453 Romanos:

82 1467 210 1509 Num.
236 1468 418 1509 Decimii
445 1468 640 1509 Samnitis
667 1467 818 1508 deinde
847 1468 1084 1508 interventu
1111 1469 1314 1524 proelium
1336 1470 1450 1510 resti-

81 1534 229 1567 tutum.
294 1525 433 1574 Hunc,
456 1525 686 1581 principem
716 1540 867 1580 genere
899 1540 945 1565 ac
977 1525 1130 1565 divitiis
1161 1541 1245 1566 non
1278 1526 1452 1567 Boviani

49 1583 217 1632 6modo,
250 1583 360 1623 unde
392 1592 490 1631 erat,
522 1582 594 1622 sed
635 1590 721 1622 toto
755 1581 934 1631 Samnio,
966 1582 1079 1622 iussu
1118 1582 1329 1624 dictatoris
1359 1593 1452 1624 octo

79 1640 210 1681 millia
230 1640 430 1696 peditum,
453 1648 495 1680 et
522 1639 683 1694 equites
711 1639 960 1694 quingentos
991 1639 1214 1681 dueentem
1245 1641 1288 1680 in
1307 1650 1450 1690 eastra,

80 1697 130 1738 ab
152 1707 266 1753 tergo
283 1711 411 1753 quum
429 1697 684 1752 apparuisset
706 1695 945 1746 Hannibali,
963 1697 1142 1752 speciem
1159 1698 1265 1753 parti
1286 1698 1450 1754 utrique

78 1799 163 1839 gotio
179 1809 294 1838 operae
317 1798 454 1838 pretium
478 1802 523 1828 est
546 1797 741 1828 accuratissi-

79 1851 167 1872 mum
188 1842 279 1871 illum
296 1842 479 1881 scriptorem
496 1841 673 1877 consulere,
690 1840 742 1879 qui

79 1894 145 1914 rem
164 1883 342 1914 distinctius
364 1888 396 1914 et
419 1883 559 1922 apertius
582 1887 697 1920 narrat,
711 1883 744 1912 in

78 1927 163 1957 hunc
178 1927 243 1957 fere
258 1927 398 1957 modum.
446 1927 619 1964 Postquam
636 1925 743 1956 Minu-

79 1969 146 1999 cius
161 1969 193 1999 in
209 1969 369 1999 tumulum
383 1969 474 2000 illum
488 1969 572 1998 unde
584 1968 743 1998 Numidas

78 2011 247 2047 deiecerat,
262 2015 364 2041 eastra
383 2010 555 2047 transtulit,
574 2010 739 2040 Hannibal

78 2053 275 2093 aliquamdiu
306 2054 479 2084 maximam
507 2056 630 2092 partem
659 2052 739 2082 mili-

78 2100 147 2126 tum
174 2096 207 2126 in
233 2096 342 2126 castris
364 2096 476 2127 tenuit.
523 2095 645 2125 verum
669 2100 740 2134 post

77 2138 201 2177 aliquot
223 2138 290 2168 dies
312 2144 440 2169 coactus
462 2142 509 2168 est
536 2137 651 2176 partim
678 2138 739 2167 fru—

78 2184 267 2217 mentatum,
278 2181 391 2220 partim
405 2182 444 2211 ad
457 2190 571 2220 pecora
584 2181 742 2219 pascenda

78 2223 331 2262 quamplurimos
340 2223 508 2254 dimittere.
534 2223 632 2257 Quod
642 2233 741 2261 quum

79 2265 225 2296 sensisset
253 2265 429 2303 Minucius,
458 2266 526 2305 ipse
562 2265 603 2295 ad
639 2270 742 2295 castra

79 2307 217 2337 hostium
250 2318 322 2338 cum
360 2308 536 2348 legionibus
572 2307 739 2337 successit:

79 2349 256 2387 equitatum
270 2354 301 2380 et
313 2351 415 2381 levem
431 2354 623 2380 armaturam
639 2349 671 2379 in
688 2360 741 2389 pa-

80 2391 238 2421 bulatores
249 2391 363 2422 emisit.
397 2391 572 2422 Hannibali
587 2402 690 2430 neque
701 2392 742 2422 ad

80 2434 265 2464 certandum
287 2433 356 2464 acie
377 2434 452 2464 satis
468 2434 581 2464 virium
596 2438 674 2471 erat,
689 2444 741 2464 ne-

80 2486 141 2514 que
167 2476 207 2505 ad
232 2485 326 2514 opem
353 2476 467 2515 palatis
489 2486 544 2514 per
568 2486 658 2514 agros
680 2475 743 2505 suis

79 2518 252 2548 ferendam.
296 2518 430 2556 Iamque
446 2518 605 2547 vellebant
622 2518 742 2547 vallum

80 2560 217 2590 hostium
246 2559 396 2595 Romani,
421 2569 519 2598 quum
547 2559 742 2595 Hasdrubal,

80 2602 222 2633 collectis
251 2602 531 2632 frumentatoribus
560 2601 613 2639 qui
643 2601 742 2630 Gero-

79 2645 169 2676 nium
192 2645 371 2684 refugerant
395 2644 435 2673 ad
458 2647 607 2682 quattuor
630 2643 742 2680 millia,

80 2687 236 2717 auxilium
265 2685 440 2716 Hannibali
470 2685 533 2715 iam
565 2695 663 2724 prope
690 2685 742 2714 ob-

80 2740 162 2760 sesso
185 2729 218 2759 in
241 2729 349 2759 castris
368 2728 452 2759 tulit.
498 2727 583 2758 Tum
603 2726 741 2757 Romani

80 2773 248 2802 abscedere
274 2771 374 2801 eoacti
398 2775 482 2807 sunt,
504 2769 613 2800 multis
635 2774 742 2799 tamen

81 2814 219 2844 hostium
243 2815 284 2844 ad
311 2817 412 2844 castra
438 2812 544 2843 caesis.
591 2812 742 2842 Frumen-

81 2861 217 2887 tatorum
255 2855 356 2886 maior
392 2855 487 2886 etiam
524 2855 638 2885 caedes
673 2853 741 2884 suit.

788 1799 919 1828 Postero
931 1798 982 1828 die
995 1798 1160 1828 Hannibal
1176 1797 1206 1828 in
1223 1798 1327 1837 priora
1339 1802 1451 1837 castra,

787 1850 868 1879 quae
884 1851 940 1880 pro
957 1840 1088 1871 Geronii
1107 1841 1273 1871 moenibus
1288 1846 1388 1878 erant,
1405 1852 1449 1872 re-

788 1883 872 1922 cepit
889 1893 978 1913 suos:
1003 1894 1039 1914 ac
1060 1888 1170 1922 postea
1191 1883 1315 1922 parcius
1330 1888 1361 1913 et
1377 1894 1449 1913 cau-

788 1925 851 1955 tius
880 1926 1022 1964 pabulati
1059 1930 1131 1955 sunt
1162 1925 1449 1965 Carthaginiense&

788 1968 879 1998 Haec
902 1968 974 1998 ideo
997 1967 1203 2005 attexuimus,
1219 1968 1293 2007 quia
1317 1968 1450 1998 Liviana

783 2010 921 2040 narratio
945 2011 1054 2049 paullo
1070 2010 1230 2040 obscurior
1245 2014 1302 2047 est,
1317 2021 1376 2040 nec
1396 2021 1449 2049 pa-

784 2063 853 2082 rum
885 2053 913 2082 ei
943 2053 1022 2082 lucis
1050 2063 1089 2083 ex
1116 2052 1164 2082 his
1187 2052 1310 2082 videtur
1335 2052 1448 2083 afferri.

784 2096 889 2126 Cat-v.

827 2147 844 2176 3
868 2138 1046 2177 C'eperunt]
1066 2137 1161 2167 Hanc
1177 2147 1286 2167 vocem
1302 2147 1365 2167 non
1381 2136 1448 2167 sine

785 2180 906 2210 ratione
932 2180 1101 2210 delendam
1129 2184 1235 2209 censet
1258 2179 1447 2210 Gronovius.

786 2223 925 2252 Srnorn.
956 2222 994 2252 cf.
1014 2222 1082 2252 Pol.
1099 2221 1142 2252 iii.
1163 2231 1229 2252 101.

827 2277 845 2302 4
864 2266 931 2295 I'er
945 2275 1057 2295 aversa
1073 2269 1178 2294 castra
1193 2275 1213 2294 α
1229 2265 1340 2295 castris
1355 2266 1448 2294 Han—

785 2308 917 2345 nibalis]
948 2306 1009 2337 Per
1035 2311 1158 2346 portam
1185 2310 1357 2336 castrorum
1384 2307 1448 2336 Ro—

785 2358 964 2385 manorum,
994 2359 1075 2387 quae
1105 2353 1171 2378 erat
1200 2349 1395 2378 aversissima
1429 2360 1449 2378 a

786 2392 894 2421 castris
924 2391 1127 2421 Hannibalis.
1177 2392 1341 2421 Postrema
1370 2390 1448 2420 haec

787 2434 882 2463 verba
903 2444 923 2463 α
945 2435 1057 2463 castris
1078 2434 1274 2463 Hannibalis
1296 2442 1359 2462 non
1382 2432 1448 2462 sine

787 2485 882 2505 causa
908 2475 1054 2505 videntur
1081 2475 1242 2505 Gronovio
1268 2474 1448 2512 recidenda,

786 2521 939 2555 tanquam
954 2527 1197 2555 supervacanea.
1222 2517 1326 2546 (ἷκεν.

829 2568 845 2597 5
863 2560 948 2588 Pars
962 2560 1118 2589 exercitus
1133 2560 1258 2595 aberat]
1278 2558 1369 2588 Haec·
1384 2568 1448 2588 ver-

786 2601 826 2630 ba
840 2606 908 2638 post
921 2605 1011 2630 tanta
1023 2602 1186 2639 paucitate
1198 2600 1364 2630 inserenda
1377 2611 1448 2631 cen-

786 2647 833 2672 set
848 2643 953 2679 Crem,
968 2643 1022 2672 sed
1038 2644 1111 2672 dum
1131 2653 1209 2681 pars
1225 2644 1381 2673 emercitus
1396 2644 1447 2673 ab·

786 2690 856 2715 erat
879 2685 1046 2724 legendum
1066 2685 1176 2714 suadet
1193 2685 1310 2715 Stroth.
1327 2685 1380 2724 qui
1396 2685 1447 2715 Li-

787 2726 872 2756 vium
886 2726 1016 2757 minime
1032 2737 1097 2757 rem
1113 2728 1246 2757 eandem
1262 2728 1390 2758 tertium
1403 2728 1448 2758 in-

786 2770 926 2799 culcasse
942 2769 999 2799 sibi
1016 2779 1200 2808 persuasum
1215 2769 1321 2800 habet.

833 2810 852 2841 6
875 2814 950 2842 Octo
977 2813 1092 2850 millia]
1135 2812 1226 2842 Duas
1255 2812 1375 2843 seilicet
1405 2813 1447 2843 le-

786 2853 903 2893 giones.
934 2854 972 2885 cf.
992 2854 1125 2885 Niebhr.
1142 2853 1173 2885 ii.
1190 2865 1221 2885 n.
1243 2863 1309 2893 174.
