1871 3178
449 80 574 122 LIB.
611 81 825 122 XXVIII.
871 82 1017 122 (ῚΑΡ.
1054 87 1118 123 26.
1393 87 1476 124 429

95 166 420 224 ‘Illiturgitauos
454 186 629 225 poenam
661 187 793 211 noxae
824 172 1011 211 meritam
1042 171 1220 218 hubert-3
1254 173 1337 211 suis
1367 182 1475 212 rectc
1495 186 1590 216 1'.(÷,
1614 186 1684 224 5⁴6·

94 225 237 265 ‘factis
273 227 445 281 gratiam
479 229 550 283 qui
589 228 784 275 exsolvat,
820 243 902 267 non
940 244 1038 268 esse.
1102 228 1221 268 Talia
1254 239 1477 282 querentes
1493 229 1529 258 Α·
1554 230 1591 258 C·
1616 228 1684 259 ²0⁶·

95 288 105 305 ‘
122 297 256 337 aequa
277 299 405 329 orare,
428 300 554 339 seque
584 301 633 325 ca
662 285 861 325 relaturos
889 284 941 324 ad
972 285 1288 339 imperatorem,’
1311 300 1478 340 respou-

92 338 261 380 debant.
338 347 347 363 ‘
368 341 544 389 Laetari,
585 341 697 396 quod
739 341 842 380 nibil
885 342 1052 389 tristius,
1091 357 1167 381 nec
1211 342 1478 382 insanabilius

94 401 106 418 ‘
121 406 250 437 esset:
282 406 322 437 et
346 397 391 438 P.
412 399 650 452 Scipionem
673 398 797 438 deum
821 398 1092 452 benignitate,
1116 408 1157 439 et
1179 399 1474 453 rempublicam

61 458 208 493 8‘esse
242 454 397 509 gratiae
434 455 699 495 refercndae.’
762 454 999 509 Scipionem
1031 455 1149 495 bellis
1178 464 1401 503 assuetum,
1425 457 1477 496 ad

92 510 343 550 seditionum
374 511 572 566 proeellas
594 512 754 561 rudem,
778 511 998 552 sollicitum
1030 512 1207 553 habebat
1232 527 1308 561 res,
1332 528 1384 552 ue
1407 523 1477 553 aut

92 568 300 607 exercitus
328 569 554 623 peccando,
577 577 647 609 aut
676 569 762 624 ipse
791 569 1019 623 puniendo,
1043 569 1214 609 modum
1241 570 1472 610 excederet.

94 622 144 663 In
177 625 422 679 praesentia,
453 634 499 665 ut
531 625 746 680 coepisset,
781 625 931 665 leniter
963 625 1027 681 agi
1061 625 1229 681 placuit,
1260 635 1314 675 et,
1345 627 1476 666 missis

93 680 201 720 circa
222 681 509 736 stipendiarias
530 682 716 722 civitates
733 682 1007 731 exactoribus,
1026 683 1222 738 stipendii
1246 698 1359 738 spem
1384 699 1478 738 pro-

92 737 293 792 pinquam
316 738 460 779 facere.
525 738 721 778 Edictum
752 739 927 779 subinde
957 741 1229 795 propositum,
1254 749 1299 780 ut
1328 740 1380 780 ad
1407 741 1478 781 sti-
1491 752 1636 781 seditiosi

92 795 294 849 pendium
316 795 545 850 petendum
568 796 839 836 convenirent
859 796 1184 849 Carthaginem,
1208 812 1281 837 seu
1303 798 1475 853 carptim
1492 794 1645 853 l¹¹¹ssj¹=¹t¹¹¹j¹
1669 848 1674 853 ι

92 860 241 905 partes,
263 866 337 891 seu
358 852 537 892 universi
560 852 743 893 mallent.
798 853 836 892 T
840 850 1087 907 rauquillam
1109 854 1372 902 seditionem,
1396 838 1683 909 iam{12'J:(¹,¹5,‘{(f1‡,¹‚'‘

92 922 167 962 per
187 923 228 948 se
251 907 603 963 languescentem,
627 910 846 964 repentina
867 910 985 964 quies
1007 910 1299 950 rebellantium
1325 910 1478 966 Hispa·
1548 903 1565 917 Γ)

93 979 242 1004 norum
278 965 386 1005 fecit.
452 965 684 1006 Redierant
719 966 832 1006 enim
874 967 917 1005 in
953 967 1069 1014 fines,
1107 967 1256 1007 omisso
1297 968 1476 1023 inceptO,

94 1019 352 1061 Mandonius
386 1031 427 1062 et
455 1021 660 1071 Indibilis,
689 1032 909 1077 postquam
938 1023 1076 1063 vivere
1109 1023 1346 1078 Scipionem
1381 1025 1479 1064 alla-

94 1086 182 1118 tum
216 1087 302 1118 est:
336 1094 414 1119 nec
448 1079 528 1118 iam
562 1088 647 1119 erat
680 1088 750 1119 aut
781 1080 893 1127 civis,
926 1088 997 1119 ant
1028 1088 1237 1128 externus,
1268 1095 1363 1120 cum
1395 1096 1478 1136 quo

62 1134 275 1177 ofin-orem
297 1150 418 1175 suum
441 1135 737 1175 consociarent.
788 1136 944 1175 Omnia
965 1136 1357 1191 circumspectantes
1379 1153 1478 1178 con-

94 1190 184 1231 silia
204 1191 308 1231 nihil
331 1191 480 1246 reliqui
503 1191 725 1240 habebant,
749 1201 914 1247 praeter
938 1208 1021 1232 non
1046 1193 1296 1233 tutissimum
1319 1209 1340 1234 a
1363 1195 1479 1234 malis

95 1247 276 1288 consiliis
306 1258 534 1303 receptum,
559 1257 603 1288 ut
635 1249 894 1303 imperatoris
923 1249 987 1289 vel
1019 1249 1149 1290 iustae
1180 1250 1277 1298 irae,
1300 1250 1366 1290 vel
1393 1266 1476 1291 non

95 1303 378 1360 desperandae
396 1304 642 1345 clementiae
660 1321 746 1345 sese
765 1306 1084 1346 committerent.
1135 1306 1274 1347 Etiam
1291 1307 1479 1348 hostibus

95 1376 193 1402 eum
221 1361 439 1416 ignovisse,
467 1377 561 1402 eum
591 1362 742 1417 quibus
769 1362 876 1402 ferro
905 1363 1150 1403 dimicasset.
1218 1364 1343 1404 Suam
1371 1365 1480 1404 sedi-

96 1418 254 1459 tionem
275 1419 362 1458 sine
385 1418 570 1467 vulnere,
594 1419 680 1458 sine
704 1419 904 1473 sangnine
926 1420 1076 1460 fuisse:
1113 1435 1190 1460 nec
1220 1421 1350 1475 ipsam
1372 1430 1480 1461 atro-

96 1490 200 1523 cem,
224 1490 302 1515 nec
323 1476 450 1515 atroci
472 1491 609 1531 poena
629 1476 821 1529 dignam:
851 1485 897 1516 ut
919 1476 1087 1531 ingenia
1107 1476 1290 1517 humana
1311 1486 1407 1518 sunt
1427 1477 1479 1517 ad

96 1546 214 1572 suam
245 1532 396 1586 cuique
428 1532 648 1572 levandam
676 1529 841 1588 eulpam
867 1533 996 1573 nimio
1029 1534 1121 1588 plns
1151 1534 1340 1574 facunda.
1403 1533 1481 1574 Illa

96 1588 301 1629 dubitatio
326 1598 426 1638 erat,
449 1589 690 1643 singulaene
716 1589 918 1637 cohortes,
942 1605 994 1630 an
1024 1591 1216 1639 universi,
1239 1591 1292 1630 ad
1323 1591 1480 1646 stipen-

96 1645 213 1685 dium
249 1645 480 1701 petendum
513 1646 632 1686 irent.
696 1646 919 1686 Inclinavit
953 1647 1173 1696 sententia,
1204 1647 1317 1702 quod
1352 1648 1480 1688 tutius

96 1703 334 1751 censebant,
358 1703 570 1743 universos
591 1703 661 1743 ire.

152 1758 235 1799 Per
255 1759 423 1799 eosdem
445 1759 546 1808 dies,
564 1760 715 1814 quibus
735 1759 837 1800 haee
860 1759 919 1800 illi
941 1760 1242 1810 consultabant,
1260 1761 1478 1802 eonsilium
1556 1767 1622 1805 26.

96 1814 148 1855 de
176 1815 226 1856 iis
250 1814 498 1871 Carthagini
526 1825 635 1856 erat:
669 1817 987 1872 certabaturque
1017 1818 1245 1867 sententiis,
1269 1826 1409 1859 utrum
1436 1819 1479 1859 in

95 1880 283 1913 auctores
315 1881 475 1913 tantum
507 1873 722 1913 seditionis
743 1873 881 1928 (erant
911 1883 1050 1914 autem
1083 1874 1127 1914 hi
1160 1890 1334 1916 numero
1366 1876 1480 1916 haud

95 1928 201 1984 plus,
224 1944 349 1985 quam
378 1930 566 1985 quinque
596 1938 638 1970 et
659 1930 849 1984 triginta)
871 1930 1284 1980 animadverteretur,
1307 1948 1360 1972 an
1387 1932 1480 1987 plu-

96 1985 203 2025 rium
225 1986 429 2041 supplicio
450 1986 700 2026 vindicanda
721 1996 805 2026 tam
833 1987 945 2026 foedi
976 1987 1157 2042 exempli
1186 1988 1365 2028 defectio
1394 2003 1480 2028 ma-

96 2041 170 2096 gis,
201 2057 326 2096 quam
358 2042 520 2090 seditio,
544 2051 660 2082 esset.
723 2042 837 2082 Vicit
869 2043 1077 2082 sententia
1104 2043 1248 2091 lenior,
1278 2053 1336 2092 ut,
1367 2044 1478 2084 unde

97 2107 187 2138 orta
218 2098 340 2153 eulpa
373 2106 492 2147 esset,
525 2099 579 2139 ibi
616 2113 751 2153 poena
782 2099 1045 2139 consisteret:
1080 2099 1131 2140 ad
1166 2099 1479 2140 multitudinem

70 2154 411 2210 leastigationem
447 2155 543 2195 satis
579 2170 677 2195 esse.
743 2154 931 2195 Consilio
963 2155 1144 2205 dimisso,
1179 2165 1226 2196 ut
1261 2157 1305 2196 id
1340 2166 1478 2197 aetum
1494 2165 1668 2212 Expedjtio

96 2211 318 2261 videretur,
360 2211 574 2267 expeditio
614 2212 809 2252 adversus
851 2211 1133 2252 Mandonium
1169 2213 1523 2269 Indibilemque¹¹¹
1538 2208 1673 2279 pag-pta-

98 2267 277 2308 edicitur
306 2269 520 2317 exercitui,
550 2268 622 2324 qui
654 2268 909 2324 Carthagine
941 2278 1040 2317 erat,
1067 2279 1109 2310 et
1136 2270 1289 2310 cibaria
1317 2270 1478 2310 dierum
1491 2259 1551 2322 {¹12³
1564 2260 1580 2279 e
1607 2260 1659 2279 ¹⁰¹*

98 2323 258 2378 aliquot
288 2340 431 2379 parare
468 2326 675 2366 iubentur.
738 2325 937 2366 Tribunis
969 2334 1141 2380 septem,
1175 2327 1248 2381 qui
1281 2335 1322 2367 et
1358 2336 1481 2367 antea.

102 2380 332 2421 Sucronem
363 2381 417 2421 ad
446 2381 686 2422 leniendam
713 2382 964 2422 seditionem
994 2382 1140 2431 ierant,
1167 2383 1330 2423 obviam
1361 2398 1480 2423 exer-

99 2437 201 2478 citui
223 2437 367 2486 missis,
390 2438 519 2492 quina
537 2439 707 2478 nomina
727 2438 965 2493 principum
986 2439 1201 2479 seditionis
1222 2439 1336 2479 edita
1356 2449 1476 2488 sunt3

142 2549 161 2578 8
184 2550 264 2578 Esse
290 2550 417 2587 (sy-atine
447 2549 650 2586 referendae]
686 2550 767 2579 Esse
810 2549 894 2584 silia,
925 2558 1020 2586 quam
1054 2559 1163 2578 rocem
1195 2550 1320 2580 codices
1349 2551 1480 2589 habent,

101 2600 174 2620 cum
193 2590 299 2620 dativo
318 2590 462 2629 gerundii
484 2590 628 2619 iunctum
650 2590 766 2628 passim
811 2594 941 2619 auctore
958 2590 1132 2627 Gronovio,
1149 2592 1265 2621 delevit
1284 2593 1422 2623 Bekker.

100 2633 187 2671 apud
219 2632 346 2661 Livium
373 2631 499 2662 obviam
527 2637 582 2662 est.
615 2632 654 2661 cf.
681 2641 766 2670 supr.
857 2641 869 2661 1
901 2634 942 2662 [ft
968 2633 1002 2661 id
1027 2637 1133 2662 actum
1159 2635 1329 2671 videretur,
1353 2637 1479 2674 eoepedi-

100 2674 141 2704 ἰν.
167 2682 216 2713 35.
241 2676 324 2704 sitne
349 2675 465 2713 aliquis
482 2674 620 2711 ferendo
643 2674 766 2704 honori.
811 2674 870 2710 tio]
891 2673 1039 2703 Edicitur
1050 2675 1213 2713 expeditio
1226 2677 1375 2706 adversus
1386 2678 1478 2707 Man-

102 2716 173 2745 infr.
195 2726 270 2746 xxx.
291 2726 320 2756 9.
353 2715 421 2746 Cic.
448 2716 489 2745 ad
518 2715 643 2746 Divers.
671 2715 714 2745 iii.
737 2716 765 2745 8.
809 2715 941 2744 denium
959 2720 990 2745 et
1008 2716 1193 2753 Indibilem,
1210 2722 1245 2747 ut
1261 2719 1300 2748 de
1319 2729 1358 2748 ea
1375 2729 1408 2749 re
1428 2729 1478 2749 ac-

102 2758 264 2788 RAscfflG.
810 2761 879 2786 tum
895 2767 963 2787 esse
979 2758 1138 2788 videretur
1153 2759 1186 2788 in
1202 2760 1346 2797 consilio,
1358 2771 1420 2791 non
1438 2762 1478 2791 de

144 2810 163 2840 9
187 2801 493 2839 Circumspectantes
512 2800 660 2837 consilia]
688 2800 766 2829 Cniz-
810 2798 965 2829 seditione
981 2799 1182 2832 Sucronensi.
1207 2802 1312 2834 Cssnv,
