1877 3178
147 157 191 188 U.
209 156 247 187 C.
270 166 341 197 549.

145 199 184 230 A.
209 200 246 230 C.
270 208 341 238 ²03·

211 884 278 925 27.

151 941 195 972 U.
213 941 250 971 C.
273 949 343 979 550.

147 984 187 1013 A.
212 983 249 1013 C.
273 993 342 1013 τοι.

147 1025 344 1061 M.Servili0‚

149 1066 198 1097 Ti.
206 1067 343 1098 Claudio

148 1109 236 1140 Coss

149 1404 348 1438 Provinciae.

155 2307 311 2346 Legiones

159 2349 204 2382 16.

354 64 435 102 528
871 61 1018 104 TITI
1058 62 1236 104 LIVII

354 149 488 199 batur,
515 157 659 205 aptum
690 158 803 191 erat:
838 152 895 192 sic
926 152 1031 192 nihil
1063 152 1215 193 certius
1245 159 1319 201 est,
1346 167 1471 207 quam
1502 167 1633 193 unum
1663 153 1738 194 ho-

354 206 511 246 minem
540 208 659 248 nobis
687 208 923 249 cunctando
953 224 1041 249 rem
1072 209 1310 257 restituisse,
1338 210 1445 249 sieut
1473 209 1636 250 Ennius
1666 210 1734 250 ait.

355 264 507 318 Augur
542 263 587 303 in
621 264 759 304 locum
795 265 883 305 eius
923 265 1194 320 inauguratus
1239 265 1290 313 Q.
1323 265 1473 306 Fabius
1510 265 1736 315 Maximus,

354 319 490 360 filius:
535 320 579 360 in
617 321 802 361 eiusdem
839 321 975 362 locum
1013 322 1202 377 pontifex
1238 322 1354 377 (nam
1390 322 1474 362 duo
1509 322 1739 363 sacerdotia

354 375 520 428 habuit)
544 376 629 417 Ser.
653 377 860 433 Sulpicius
885 378 1029 419 Galba.

414 432 527 473 Ludi
551 434 732 474 Romani
761 435 872 475 diem
902 451 1046 484 unum,
1069 435 1221 490 plebeii
1251 444 1313 476 ter
1340 435 1415 476 toti
1444 435 1659 476 instaurati
1687 436 1738 476 ab

356 490 569 539 aedilibus,
599 490 660 530 M.
683 491 826 532 Sextio
860 491 1014 533 Sabino
1046 501 1088 533 et
1121 491 1201 532 Cn.
1226 492 1451 533 Tremellio
1480 492 1640 533 Flacco.
1701 491 1740 532 Ii

356 547 478 586 ambo
505 556 713 602 praetores
740 548 849 597 faeti,
873 557 915 588 et
943 564 1037 589 cum
1066 549 1115 589 iis
1146 549 1195 590 C.
1216 549 1360 589 Livius
1391 548 1596 589 Salinator
1620 556 1663 589 et
1687 547 1736 589 C.

357 602 555 643 Aurelius
595 604 731 645 Cotta..
797 605 981 646 Comitia
1019 606 1107 646 eius
1148 606 1247 645 anni
1288 617 1426 646 utrum
1466 605 1515 646 C.
1543 605 1739 645 Servilius

356 660 500 700 consul
533 660 736 710 habuerit,
771 677 836 710 an,
871 663 969 716 quia
1004 677 1100 702 eum
1136 677 1200 702 res
1235 662 1278 702 in
1312 662 1480 702 Etruria
1514 662 1738 710 tenuerint,

357 717 621 771 quaestiones
662 733 714 757 ex
755 719 1109 759 senatusconsulto
1145 719 1196 759 de
1234 719 1590 759 coniurationibus
1625 719 1768 774 prin-1

357 773 497 828 cipum
520 773 755 823 habentem,
779 775 956 815 dictator
983 777 1033 816 ab
1056 791 1105 816 eo
1127 776 1263 816 dietus
1288 776 1335 816 P.
1363 775 1582 831 SulpiciUS,
1605 776 1740 816 incer-

357 837 447 870 tum
470 839 514 870 ut
535 831 598 878 sit,
622 831 773 871 diversi
794 841 981 872 auctores
1002 833 1169 873 faciunt.

414 886 627 941 Principio
649 888 906 942 insequentis
928 889 1038 937 anni,
1064 889 1124 929 M.
1153 889 1348 929 Servilius
1369 898 1411 929 et
1433 890 1499 930 Ti.
1521 889 1738 939 Claudius,

357 950 503 982 senatu
547 943 590 982 in
635 943 891 998 Capitolium
931 954 1088 993 vocato,
1130 945 1182 986 de
1227 946 1449 1000 provinciis
1494 945 1736 987 retulerunt.

357 998 519 1039 Italiam
555 1007 680 1054 atque
713 1001 900 1040 Africam
938 1001 978 1040 in
1017 1010 1169 1042 sortem
1203 1002 1366 1050 coniici,
1400 1002 1587 1042 Africam
1617 1003 1739 1043 ambo

357 1056 584 1110 cupientes,
615 1056 819 1097 volebant.
885 1057 1098 1105 Ceterum,
1132 1058 1184 1106 Q.
1210 1058 1385 1099 Metello
1413 1059 1592 1099 maxime
1621 1060 1741 1099 anni-

357 1121 485 1161 tente,
522 1128 660 1168 neque
696 1114 804 1163 data,
843 1130 980 1170 neque
1022 1123 1172 1170 negata
1212 1123 1273 1155 est
1311 1115 1462 1156 Africa.
1535 1115 1740 1156 Consules

357 1169 455 1210 iussi
477 1185 570 1210 cum
596 1170 771 1211 tribunis
793 1170 924 1226 plebis
946 1187 1080 1227 agere,
1098 1180 1158 1221 ut,
1178 1172 1210 1211 si
1233 1172 1281 1212 iis
1297 1172 1518 1220 videretur,
1537 1172 1740 1227 populum

356 1236 563 1281 rogarent,
599 1242 724 1282 quem
757 1228 881 1268 vellet
916 1229 959 1268 111
994 1229 1137 1269 Africa
1171 1229 1326 1269 bellum
1362 1244 1516 1284 gerere.
1582 1229 1741 1270 Omnes

359 1284 489 1324 tribus
511 1284 557 1324 P.
581 1283 818 1339 Scipionem
841 1285 1060 1326 iusserunt.
1106 1285 1255 1326 Nihilo
1277 1286 1413 1326 minus
1435 1286 1625 1326 consules
1646 1301 1740 1342 pro·
1755 1303 1772 1324 2

357 1340 535 1381 vinciam
564 1340 747 1381 Africam
777 1342 855 1393 (ita
885 1343 997 1382 enim
1029 1351 1194 1383 senatus
1225 1342 1484 1397 decreverat)
1514 1343 1557 1382 in
1587 1351 1740 1384 sortem

357 1398 637 1439 coniecerunt.
701 1398 766 1438 Ti.
790 1398 970 1439 Claudio
1000 1399 1145 1440 Africa
1175 1400 1326 1448 evenit,
1359 1408 1406 1440 ut
1436 1400 1742 1454 quinquaginta

356 1454 524 1495 navium
553 1455 735 1504 classem,
763 1471 906 1496 omnes
935 1456 1271 1511 quinqueremes,
1294 1456 1338 1496 in
1361 1457 1546 1497 Africam
1578 1457 1741 1497 traiice-

357 1520 432 1560 ret,
464 1512 636 1566 parique
670 1512 844 1567 imperio
877 1528 973 1553 eum
1007 1513 1202 1568 Scipione
1235 1513 1459 1569 imperator
1495 1522 1612 1554 esset.
1675 1512 1772 1557 M.3

361 1568 558 1608 Servilius
577 1568 786 1609 Etruriam
808 1570 986 1610 sortitus.
1034 1569 1086 1610 In
1108 1570 1254 1610 eadem
1275 1570 1489 1625 provincia
1509 1579 1551 1611 et
1575 1570 1624 1611 C.
1647 1569 1742 1611 Ser-

357 1624 456 1664 vilio
477 1634 743 1680 prorogatum
766 1626 1000 1681 imperium,
1023 1627 1056 1666 si
1085 1627 1298 1667 consulem
1327 1642 1494 1668 manere
1520 1627 1573 1667 ad
1594 1627 1741 1668 urbem

358 1681 521 1721 senatui
542 1681 773 1736 placuisset.
838 1683 1065 1732 Praetores,
1091 1683 1151 1723 M.
1175 1684 1342 1724 Sextius
1367 1683 1546 1724 Galliam
1568 1692 1630 1724 est
1656 1698 1742 1724 sor-

359 1738 470 1786 titus,
490 1747 536 1777 ut
557 1738 658 1778 duas
679 1738 863 1792 legiones
884 1740 1223 1794 provinciamque
1246 1740 1428 1781 traderet
1449 1741 1484 1780 ei
1510 1741 1556 1781 P.
1580 1740 1741 1788 Quine-

359 1793 471 1834 tilius
499 1793 540 1833 V
542 1809 661 1843 ar11s3
703 1792 752 1835 C.
778 1795 922 1835 Livius
954 1795 1139 1836 Bruttios
1172 1811 1267 1836 eum
1301 1796 1461 1836 duabus
1494 1796 1740 1851 legionibus,

360 1851 511 1905 quibus
545 1850 591 1891 P.
620 1851 888 1906 Sempronius
920 1852 1142 1907 proconsul
1174 1853 1309 1907 priore
1342 1868 1452 1893 anno
1480 1853 1738 1908 praefuerat3

364 1907 443 1947 Cn.
469 1908 719 1947 Tremellius
751 1908 945 1957 Siciliam,
968 1918 1015 1948 ut
1042 1910 1092 1949 ab
1115 1909 1161 1949 P.
1183 1909 1310 1949 Villio
1333 1909 1526 1964 Tappulo
1551 1918 1740 1965 praetore

359 1963 507 2018 prioris
528 1964 626 2004 anni
652 1965 906 2019 provinciam
928 1974 969 2005 et
990 1965 1092 2005 duas
1116 1965 1300 2020 legiones
1324 1966 1555 2020 acciperet3
1588 1966 1742 2007 Villius

360 2028 602 2075 propraetor
640 2021 788 2076 viginti
828 2022 1001 2062 navibus
1042 2022 1188 2077 longis,
1226 2022 1425 2063 militibus
1465 2023 1590 2072 mille,
1627 2038 1742 2064 oram

363 2076 528 2118 Siciliae
570 2085 799 2118 tutaretur:
848 2077 946 2118 inde
988 2078 1049 2119 M.
1088 2079 1345 2134 Pomponius
1380 2079 1527 2134 viginti
1567 2080 1742 2120 navibus

361 2133 531 2188 reliquis
567 2134 679 2174 mille
715 2142 757 2174 et
794 2135 1045 2190 quingentos
1085 2135 1236 2176 milites
1274 2135 1454 2175 Romam
1489 2136 1738 2191 deportaret.

364 2188 414 2230 C.
440 2190 613 2230 Aurelio
638 2190 788 2231 Cottae
810 2192 969 2232 urbana
989 2192 1139 2232 evenit.
1205 2191 1382 2241 Ceteris,
1404 2192 1461 2232 ita
1481 2193 1542 2233 uti
1563 2192 1739 2248 quisque

361 2247 607 2287 obtinebant
654 2248 887 2302 provincias
936 2249 1239 2303 exercitusque,
1286 2257 1505 2304 prorogata
1553 2249 1738 2304 imperia.

365 2302 587 2344 Sexdeeim
614 2319 700 2344 11011
731 2304 907 2359 amplius
940 2320 989 2345 eo
1017 2320 1127 2345 anno
1155 2305 1389 2360 legionibus
1416 2305 1633 2346 defensum
1663 2306 1740 2346 im-

361 2360 524 2415 perium
546 2369 618 2401 est.
682 2360 737 2401 Et
763 2369 810 2401 ut
833 2361 1003 2416 placatis
1023 2361 1102 2402 diis
1127 2362 1267 2402 omnia
1293 2361 1527 2418 inciperent
1551 2370 1741 2418 agerent-

407 2491 419 2511 1
446 2482 637 2521 Principum
651 2482 833 2520 habentem]
851 2483 1029 2513 Habendae
1074 2492 1143 2513 cam
1162 2482 1362 2520 traiicienda,
1378 2487 1409 2514 et
1425 2493 1483 2523 par
1501 2493 1573 2514 cum
1591 2483 1742 2524 Scipione

360 2527 490 2554 auctore
507 2523 670 2554 Gronovio
686 2524 827 2562 reposuit
845 2525 985 2555 Bekker.
1074 2524 1244 2564 imperium
1271 2525 1414 2555 alterutri
1441 2536 1459 2556 e
1483 2526 1666 2557 consulibus
1688 2528 1741 2558 de-

405 2575 422 2595 2
446 2567 654 2596 Provinciam
677 2567 826 2603 Africam
857 2564 920 2605 (ita
945 2568 1029 2597 enim
1074 2570 1262 2597 cerneretur.
1286 2568 1392 2598 CREV.

361 2612 493 2638 senatus
507 2606 723 2647 decreverat)]
750 2608 914 2638 Nimirum
936 2608 1028 2638 intel·
1116 2617 1133 2647 3
1157 2610 1303 2648 Parique
1333 2610 1465 2648 imperio
1493 2620 1564 2640 eum
1593 2611 1741 2649 Scipione

362 2649 526 2687 ligendum
564 2653 611 2680 est
648 2653 806 2686 senatum,
838 2650 1030 2680 instantibus
1073 2652 1246 2689 imperator
1266 2652 1359 2688 esset]
1388 2651 1462 2681 Vox
1482 2653 1654 2690 imperator
1675 2662 1740 2682 orn-

362 2691 459 2719 etiam
484 2694 555 2729 post
578 2691 733 2721 iudicium
756 2691 869 2731 populi
893 2692 1028 2721 001151111-
1074 2692 1149 2721 nino
1170 2692 1271 2722 otiosa
1292 2693 1427 2731 videtur,
1442 2703 1480 2724 ae
1501 2693 1634 2733 proinde
1655 2695 1740 2725 able-

362 2732 432 2766 bus,
456 2732 516 2761 hoc
542 2736 797 2772 temperamento
824 2733 870 2763 uti
897 2735 1029 2764 tandem
1072 2735 1186 2773 ganda.
1211 2734 1316 2765 CREV.

364 2776 509 2802 eoactum
527 2783 605 2811 esse,
621 2778 656 2804 ut
673 2775 781 2805 elassis
797 2779 882 2806 certe
897 2775 929 2805 in
947 2775 1028 2806 Afri—
