1825 3173
343 112 391 149 12
849 103 996 146 TITI
1036 102 1215 144 LIVII

123 206 167 237 U.
185 205 222 236 C.
241 212 312 243 534-
340 196 544 238 minuitur
563 195 819 252 exspectatio
847 203 1044 236 externae
1065 194 1178 250 opis3
1212 207 1342 249 quum
1364 200 1449 232 tam
1468 191 1613 247 procul
1636 191 1722 232 Ro-

122 249 162 279 Α·
186 249 224 279 C·
242 247 313 277 ²¹8·
341 255 466 304 mani,
493 254 617 294 unica
641 268 745 309 spes,
775 252 884 293 circa
911 252 1051 293 omnia
1075 251 1256 291 hostium
1281 257 1430 290 essent.
1492 249 1725 303 Paullisper

342 321 480 352 tamen
504 312 672 351 affectos
693 310 853 350 animos
873 309 1075 349 recreavit
1096 307 1315 363 repentina
1335 305 1536 361 profectio
1558 305 1725 346 Hanni-

340 368 442 409 balis
464 368 506 408 in
532 367 737 409 Oretanos
761 366 1125 422 Carpetanosque:
1160 364 1232 419 qui
1254 364 1337 404 duo
1358 362 1515 418 populi,
1537 362 1725 403 delectus

341 426 565 465 acerbitate
594 423 859 471 consternati,
882 422 1053 463 retentis
1084 420 1443 476 conquisitoribus,
1468 427 1626 459 metum
1651 418 1725 458 de-

341 482 531 522 fectionis
553 496 682 536 quum
703 480 1000 536 praebuissent,
1024 478 1204 533 oppressi
1229 477 1438 518 celeritate
1462 475 1725 523 Hannibalis,

200 541 263 578 12.
343 538 571 579 omiserunt
602 545 713 577 mota
743 552 866 576 arma.
945 535 1037 576 Nec
1072 535 1246 589 Sagunti
1276 532 1532 589 oppugnatio
1562 531 1729 586 segnior

342 604 441 644 erat,
466 594 722 642 Maharbale,
747 592 1000 633 Himilconis
1020 591 1119 640 filio,
1143 592 1259 645 (eum
1284 591 1538 646 praefecerat
1560 588 1727 628 Hanni-

341 651 430 706 bal)
450 652 508 692 ita
528 651 703 706 impigre
725 665 810 690 rem
835 658 997 704 agente,
1016 657 1062 688 ut
1079 648 1229 688 ducem
1247 648 1387 688 abesse
1410 663 1488 687 nec
1509 646 1630 694 cives,
1649 659 1727 685 nec

342 709 481 749 hostes
511 708 725 748 sentirent.
807 706 848 746 Is
879 715 921 746 et
950 705 1107 761 proelia
1137 705 1295 759 aliquot
1330 704 1513 745 secunda
1542 702 1652 751 fecit,
1685 709 1728 742 et

343 766 473 805 tribus
494 765 690 805 arietibus
707 763 966 818 aliquantum
988 762 1094 802 muri
1112 761 1302 801 discussit
1315 777 1325 809 3
1358 769 1566 815 strataque
1589 759 1730 799 omnia

344 822 580 862 recentibus
615 821 746 860 ruinis
779 819 1020 860 advenienti
1057 818 1286 859 Hannibali
1322 818 1514 858 ostendit.
1577 816 1728 871 Itaque

343 878 395 918 ad
416 879 547 933 ipsam
569 892 706 918 arcem
727 876 938 931 extemplo
965 876 1115 916 ductus
1143 875 1362 923 exercitus,
1385 883 1587 929 atroxque
1608 887 1729 928 proc-

342 935 446 975 lium
477 949 572 975 cum
604 933 831 974 multorum
862 933 1072 987 utrimque
1094 931 1220 972 caede
1242 932 1406 980 initum,
1430 940 1471 971 et
1502 945 1596 986 pars
1626 929 1730 970 arcis

344 1000 464 1046 capta
485 1000 557 1031 est.

127 1054 197 1084 Pax
217 1054 332 1083 frustra
401 1044 584 1088 Tentata
604 1047 758 1087 deinde
779 1062 854 1101 per
874 1046 979 1086 duos
1000 1055 1061 1086 est
1082 1046 1235 1099 exigua
1255 1045 1368 1100 pacis
1388 1059 1494 1100 spes,
1520 1044 1728 1084 Alconem

126 1099 261 1126 tentata.
346 1105 638 1160 Saguntinum,
672 1112 714 1143 et
746 1103 948 1143 Alorcum
986 1097 1235 1157 Hispanum.
1300 1101 1452 1150 Alcon,
1484 1101 1623 1140 insciis
1658 1099 1732 1140 Sa-

342 1161 541 1216 guntinis,
563 1161 755 1215 precibus
776 1159 935 1213 aliquid
956 1168 1167 1199 moturum
1188 1167 1312 1206 ratus,
1336 1173 1467 1212 quum
1489 1157 1543 1197 ad
1566 1157 1731 1197 Hanni-

344 1218 478 1258 balem
500 1226 625 1257 noctu
656 1216 880 1263 transisset,
902 1223 1125 1270 postquam
1154 1215 1258 1254 nihil
1279 1214 1471 1254 lacrimae
1494 1214 1730 1262 movebant,

343 1274 688 1327 conditionesque
711 1272 859 1321 tristes,
878 1280 925 1312 ut
946 1273 996 1311 ab
1019 1272 1122 1311 irato
1140 1271 1308 1319 victore,
1325 1271 1576 1318 ferebantur,
1601 1278 1764 1314 trans-4

342 1332 440 1385 fuga
470 1346 522 1370 ex
554 1338 714 1370 oratore
745 1329 890 1376 factus,
922 1328 1034 1383 apud
1064 1328 1226 1368 hostem
1258 1327 1431 1376 mansit3
1484 1327 1732 1367 moriturum

344 1388 562 1434 affirmans,
586 1386 659 1440 qui
680 1386 756 1426 sub
777 1385 1087 1425 conditionibus
1107 1385 1171 1424 his
1192 1385 1244 1424 de
1266 1399 1368 1439 pace
1391 1393 1541 1439 ageret.
1582 1384 1734 1424 Postu-

343 1444 506 1484 labatur
534 1451 685 1491 autem,
708 1442 933 1482 redderent
961 1456 1026 1481 res
1047 1441 1322 1488 Turdetanis;
1355 1441 1592 1495 traditoque
1618 1440 1732 1480 omni

344 1516 443 1541 auro
475 1508 599 1554 atque
629 1507 813 1554 argento,
837 1499 987 1553 egressi
1018 1499 1119 1537 urbe
1147 1513 1242 1538 cum
1271 1498 1444 1552 singulis
1474 1497 1734 1537 vestimentis

346 1558 403 1598 ibi
433 1557 681 1604 habitarent,
705 1555 776 1595 ubi
807 1555 975 1595 Poenus
1006 1555 1199 1595 iussisset.
1264 1554 1353 1594 Has
1383 1554 1496 1609 pacis
1526 1553 1638 1609 leges
1660 1554 1733 1593 ab-

345 1622 501 1654 nuente
533 1612 694 1653 Alcone
727 1620 968 1667 accepturos
996 1611 1261 1667 Saguntinos,
1287 1611 1477 1659 Alorcus,
1500 1611 1611 1650 vinci
1643 1610 1733 1650 ani-

346 1686 446 1719 mos,
470 1670 540 1710 ubi
563 1669 642 1710 alia
661 1670 893 1718 vincantur,
917 1669 1134 1717 affirmans,
1154 1684 1195 1709 se
1218 1668 1329 1723 pacis
1351 1668 1439 1708 eius
1461 1668 1731 1722 interpretem
1746 1680 1764 1712 5

346 1728 432 1768 fore
461 1726 690 1783 pollicetur.
755 1726 855 1766 Erat
883 1735 1021 1766 autem
1051 1734 1140 1766 tum
1168 1726 1286 1765 miles
1316 1724 1588 1772 Hannibalis3
1622 1732 1766 1767 cete-6

346 1799 439 1824 rum
478 1784 644 1839 publice
689 1783 928 1838 Saguntinis
970 1783 1125 1822 amicus
1165 1791 1289 1837 atque
1331 1782 1492 1837 hospes.
1556 1781 1595 1821 T
1598 1781 1732 1822 radito

346 1841 483 1896 palam
506 1840 588 1881 telo
609 1841 848 1881 custodibus
869 1840 1063 1888 hostium,
1088 1848 1361 1894 transgressus
1383 1839 1656 1887 munimenta,
1680 1838 1734 1878 ad

348 1906 581 1952 praetorem
616 1897 893 1953 Saguntinum
915 1897 977 1951 (et
1008 1897 1094 1952 ipsc
1126 1897 1184 1936 ita
1213 1896 1402 1951 iubebat)
1423 1905 1483 1936 est
1514 1895 1732 1936 deductus.

353 1954 450 2002 Quo
482 1970 612 2009 quum
644 1954 854 2009 extemplo
885 1968 1108 1994 concursus
1149 1953 1282 1993 omnis
1313 1953 1477 2007 generis
1512 1952 1732 1993 hominum

348 2020 455 2051 esset
484 2012 628 2059 i'actus,
661 2020 868 2051 summota
897 2019 1035 2051 cetera
1064 2010 1348 2058 multitudine,
1380 2017 1548 2050 senatus
1578 2009 1734 2049 Alorco

204 2072 268 2110 13.
349 2068 468 2109 datus
499 2078 582 2108 est:
616 2068 734 2108 cuius
765 2067 857 2108 talis
888 2068 1017 2108 oratio
1048 2067 1137 2107 fuit.
1202 2067 1272 2107 ‘Si
1294 2067 1394 2107 civis
1420 2076 1558 2107 vester
1580 2065 1731 2114 Alcon,

130 2126 240 2175 alorci
257 2136 323 2155 ora-
350 2125 479 2165 ‘sicut
500 2125 552 2165 ad
573 2140 718 2180 pacem
747 2124 971 2178 petendam
999 2124 1052 2164 ad
1082 2124 1363 2164 Hannibalem
1393 2123 1521 2172 venit,
1544 2123 1601 2163 ita
1621 2122 1734 2178 pacis

130 2174 176 2200 ³¹⁰
189 2171 227 2200 de
244 2179 264 2207 P
268 2179 334 2198 κε’
350 2187 361 2205 ⁶
374 2182 635 2222 conditiones
657 2182 706 2221 ab
731 2181 968 2222 Hannibale
986 2181 1039 2221 ad
1056 2196 1126 2221 vos
1143 2181 1362 2229 retulisset,
1381 2194 1733 2235 supervacaneum

349 2245 360 2262 ‘
373 2238 452 2279 hoc
493 2238 595 2278 mihi
635 2238 780 2278 fuisset
819 2239 908 2287 iter,
944 2254 1028 2293 quo
1063 2253 1142 2278 nec
1175 2246 1312 2277 orator
1354 2236 1616 2284 Hannibalis,
1654 2250 1734 2276 nec

349 2296 584 2350 ‘transfuga
605 2295 657 2335 ad
678 2310 750 2335 vos
770 2295 986 2335 venissem.
1036 2294 1181 2342 Quum
1203 2294 1285 2342 ille,
1308 2302 1380 2334 aut
1399 2302 1545 2342 vestra,
1568 2301 1639 2333 aut
1660 2307 1735 2333 sua

350 2352 508 2407 ‘culpa,
532 2352 730 2392 manserit
760 2352 871 2407 apud
902 2352 1076 2400 hostem,
1110 2351 1163 2402 (si
1195 2360 1354 2391 metum
1385 2350 1605 2399 simulavit,
1635 2364 1732 2398 sua3

349 2415 522 2458 ‘vestra,
545 2409 577 2449 si
598 2408 831 2464 periculum
863 2417 925 2448 cst
955 2409 1067 2464 apud
1097 2423 1168 2448 vos
1198 2423 1295 2448 vera
1325 2406 1620 2461 referentibus)
1641 2421 1732 2462 ego,

350 2475 359 2489 ⁶
374 2482 426 2507 nc
449 2466 703 2521 ignoraretis,
726 2480 812 2506 esse
841 2465 999 2521 aliquas
1027 2474 1069 2506 et
1097 2465 1237 2506 salutis
1259 2474 1301 2505 et
1320 2465 1433 2520 pacis
1454 2464 1569 2505 vobis
1589 2463 1735 2504 condi-

392 2591 410 2615 4
438 2579 620 2616 Tramfagsa
653 2589 693 2607 ez*
730 2582 854 2607 oratore
883 2578 1012 2615 sactus]
1103 2576 1123 2605 6
1147 2578 1291 2607 Celerum
1306 2578 1434 2615 publice
1448 2577 1640 2615 Saguntinis
1656 2577 1733 2606 ami-

352 2621 450 2650 Orare
475 2619 633 2655 desinens,
657 2629 698 2649 sc.
722 2620 919 2658 transfugam
948 2630 1017 2658 pro-
1062 2630 1117 2649 cus
1132 2623 1227 2657 atque
1239 2620 1366 2657 hospes]
1395 2620 1447 2648 Ita
1463 2628 1589 2657 quoque
1605 2628 1689 2656 supr.
1704 2629 1732 2648 v.

350 2663 448 2691 fessus
464 2666 522 2697 est,
539 2661 658 2699 qnippe
679 2661 732 2698 qui
749 2671 802 2690 eas
821 2661 1019 2691 conditiones
1064 2662 1113 2691 28.
1154 2662 1365 2691 Timasitheus
1398 2661 1586 2699 Liparensis
1623 2660 1734 2698 hospes

350 2703 470 2733 civibus
486 2702 549 2731 suis
566 2712 742 2740 proponere
759 2713 820 2732 non
838 2704 978 2734 auderet.
1057 2704 1169 2742 populi
1192 2704 1329 2733 Romam·
1345 2704 1459 2740 factus
1479 2706 1533 2732 est.
1579 2702 1733 2732 Ceterum

394 2754 409 2784 5
434 2746 528 2781 Alia]
550 2744 634 2779 Alia,
650 2747 685 2773 ut
701 2754 795 2782 saepe
811 2755 862 2783 ap.
878 2745 1016 2781 Livium,
1061 2745 1176 2783 hospes
1206 2744 1238 2774 id
1269 2745 1354 2782 quod
1381 2744 1468 2783 apud
1495 2743 1636 2773 Graecos
1662 2742 1732 2782 πρό-

350 2793 454 2816 cetera
491 2786 647 2816 dicuntur.
708 2786 828 2817 Muros.
865 2797 1017 2825 armaque
1062 2788 1145 2823 ξενος
1162 2791 1238 2816 erat.

350 2828 497 2867 intelligit
518 2828 649 2857 Douiat.
