1871 3178
489 84 613 125 LIB.
650 84 864 125 XXVIII.

115 172 303 228 quinque
337 183 379 214 et
412 175 559 229 viginti
593 176 930 230 quinquereme&
963 176 1099 229 regiae
1134 175 1321 230 quinque
1355 186 1396 216 et
1431 178 1500 217 tri·
1522 184 1562 214 U.
1581 185 1617 214 (ἲ.
1641 193 1711 223 5⁴5-

114 230 243 284 ginta,
268 231 592 272 transmiserunt.
658 232 711 272 Et
734 232 966 287 Philippus,
989 241 1047 280 nt,
1071 247 1143 271 seu
1171 241 1280 272 terra
1303 249 1375 272 seu
1398 235 1499 274 mari
1517 227 1554 256 A.
1577 228 1613 257 C.
1639 237 1709 265 ²07·

115 286 277 326 obviam
301 287 486 328 eundum
509 288 615 328 hosti
638 289 754 337 foret,
774 298 939 343 paratus
956 288 1007 328 ad
1026 303 1170 328 01111105
1187 298 1359 328 conatus
1381 299 1498 338 esset,

115 342 202 398 ipse
229 343 541 385 Demetriadem
570 345 621 385 ad
651 360 761 385 mare
790 345 1031 385 descendit:
1068 344 1271 384 Larissam
1305 346 1414 385 diem
1447 348 1499 386 ad

913 85 948 124 (J
965 85 1001 124 A
1015 84 1059 124 l'.
1095 89 1132 125 5.
1421 90 1502 126 405

114 401 451 440 conveniendum
483 402 683 441 exercitui
716 401 859 442 edixit.
924 401 1126 456 Undique
1159 403 1210 441 ab
1239 402 1359 442 sociis
1390 402 1500 457 lega-

115 456 249 497 tiones
283 457 597 498 Demetriadem
632 458 684 497 ad
716 459 866 498 famam
899 458 1007 513 regis
1037 468 1336 498 convenerunt.
1403 460 1500 499 Sus-

115 513 295 553 tulerant
326 515 437 554 enim
470 515 627 555 animos
650 514 805 563 Aetoli,
828 530 958 569 quum
988 515 1038 555 ab
1069 514 1261 555 Romana
1289 515 1498 565 societate,

114 578 203 609 tum
237 579 329 625 post
364 571 497 611 Attali
531 571 769 619 adventum,
805 572 1087 626 finitimosque
1123 572 1496 627 depopulabantur.

115 625 209 667 Nee
227 627 467 667 Acarnanes
488 627 620 667 solum
641 627 888 682 Boeotique,
907 637 949 668 et
966 629 1038 683 qni
1058 627 1273 669 Euboeam
1297 629 1498 678 incolunt,

113 683 157 722 in
189 698 340 738 magno
375 692 490 724 metu
527 693 668 724 erant:
715 684 788 725 sed
827 684 987 725 Achaei
1021 700 1203 740 quoque,
1236 701 1340 740 quos
1376 701 1500 741 super

115 739 356 780 Aetolicum
407 740 562 780 bellum
614 740 889 782 BIaehanidas
949 742 1087 790 etiam,
1141 742 1498 783 Lacedaemonius

114 805 327 852 tyrannus,
350 797 463 837 haud
494 797 638 852 procul
668 798 920 853 Argivorum
953 799 1034 839 fine
1066 799 1210 854 positis
1241 800 1393 848 castris,
1418 808 1499 839 ter-

113 854 240 893 rebat.
300 853 359 894 Hi
380 868 524 894 omnes
545 854 628 894 suis
649 855 826 910 quisque
849 855 1032 904 urbibus,
1056 871 1162 910 quae
1185 856 1370 911 pericula
1391 865 1500 897 terra

113 910 300 965 marique
332 910 702 965 portendebantur,
732 920 1022 961 memorantes,
1052 912 1207 952 auxilia
1236 928 1375 967 regem
1408 928 1499 953 ora-

112 966 224 1007 bant.
274 966 342 1007 Ne
364 982 415 1007 ex
438 982 567 1022 regno
588 968 760 1023 quidem
781 968 908 1023 ipsius
930 968 1176 1024 tranquillae
1199 970 1500 1010 nuntiabantur

113 1037 200 1063 res:
224 1032 267 1063 et
287 1023 599 1064 Scerdilaedum
618 1024 944 1080 Pleuratumque
963 1034 1096 1065 motos
1112 1040 1212 1074 csse,
1228 1035 1270 1065 et
1285 1026 1498 1066 Thracum

114 1080 294 1120 maxime
318 1080 506 1128 BIaedos,
530 1081 562 1120 si
585 1081 699 1135 quod
725 1081 1001 1136 longinquum
1027 1081 1183 1122 bellum
1213 1097 1353 1137 regem
1375 1098 1498 1122 occu-

114 1145 261 1191 passet,
284 1137 474 1191 proxima
495 1136 771 1178 Blaeedoniae
793 1138 1038 1178 incursuros.
1093 1138 1239 1179 Boeoti
1263 1139 1433 1193 quidem
1456 1148 1496 1179 01
1514 1151 1687 1190 Phiiippus

114 1193 331 1233 interiores
375 1192 574 1233 Graeciae
611 1194 767 1248 populi,
807 1194 1183 1249 Thermopylarum
1225 1195 1387 1243 saltum,
1426 1196 1497 1236 ubi
1511 1193 1613 1223 socius
1628 1195 1698 1223 hor-

114 1258 312 1304 angustae
340 1250 479 1289 fauces
507 1259 693 1290 coartant
724 1251 814 1299 iter,
840 1251 946 1291 fossa
969 1251 1160 1306 valloque
1192 1252 1415 1292 intercludi
1447 1253 1497 1293 ab
1511 1239 1650 1308 {ffffllsp

116 1306 290 1355 Aetolis,
304 1306 567 1353 nuntiabant,
583 1322 635 1347 ne
655 1307 872 1347 transitum
891 1307 943 1347 ad
959 1308 1165 1348 sociorum
1184 1309 1304 1348 urbes
1322 1309 1498 1349 tuendas

114 1362 312 1417 Philippo
333 1363 490 1403 darent.
544 1363 624 1403 Vel
646 1379 814 1418 segnem
838 1364 989 1404 ducein
1011 1372 1071 1404 tot
1093 1364 1273 1405 excitare
1296 1365 1499 1405 tumultus

114 1419 351 1459 circumfusi
380 1428 583 1474 poterant.
647 1420 898 1475 Legationes
924 1421 1110 1469 dimittit,
1133 1421 1354 1476 pollicituS,
1376 1430 1500 1476 prout

116 1485 280 1530 tempus
302 1491 347 1516 ac
369 1491 432 1516 res
454 1491 495 1516 se
518 1476 646 1525 daret,
670 1477 863 1517 omnibus
891 1477 1071 1517 laturum
1100 1493 1142 1518 se
1173 1477 1386 1518 auxilium.
1449 1478 1501 1518 In

84 1533 359 1588 3praesentia,
393 1547 500 1587 quae
536 1534 715 1573 maxime
750 1534 922 1588 urgebat
954 1548 1031 1582 res,
1066 1533 1348 1589 Peparethum
1382 1550 1502 1590 prae-

115 1589 267 1629 sidium
289 1589 381 1629 urbi
402 1589 530 1629 mittit
547 1605 557 1637 3
591 1589 702 1630 unde
725 1589 895 1630 allatum
917 1599 1017 1638 erat,
1037 1590 1240 1639 Attalum,
1264 1592 1314 1631 ab
1336 1591 1501 1632 Lemno

115 1645 242 1686 classe
266 1646 513 1694 transmissa,
531 1661 699 1686 omnem
721 1646 829 1687 cirea
850 1647 995 1687 urbem
1019 1661 1164 1701 agrum
1186 1647 1498 1702 depopulatum.

116 1702 425 1757 Polyphantam
453 1717 549 1743 cum
577 1703 742 1743 modica
770 1718 896 1743 manu
921 1703 964 1743 in
992 1702 1222 1752 Boeotiam,
1246 1704 1500 1760 Menippum

84 1759 217 1802 4iten1
238 1759 448 1814 quendam
472 1774 524 1800 ex
550 1759 674 1814 regiis
696 1759 872 1800 ducibus
901 1775 996 1800 cum
1024 1760 1138 1800 mille
1164 1760 1349 1815 peltastis
1370 1761 1503 1816 (pelta

115 1824 276 1856 caetrae
317 1816 431 1856 haud
471 1815 678 1856 dissimilis
719 1815 801 1871 est)
845 1816 1092 1857 Chalcidem
1133 1817 1272 1858 mittit.
1350 1818 1502 1858 Additi

85 1887 102 1918 5
116 1872 335 1928 quingenti
354 1872 601 1927 Agrianum,
620 1880 666 1912 ut
687 1888 830 1913 omnes
852 1873 1009 1914 insulae
1032 1882 1170 1928 partes
1192 1874 1298 1914 tueri
1320 1884 1498 1929 possent.

116 1928 211 1984 Ipse
237 1929 472 1970 Scotussam
495 1938 555 1969 est
576 1929 809 1984 profectus:
844 1929 1077 1984 eodemque
1099 1931 1150 1970 ab
1173 1930 1336 1971 Larissa
1357 1931 1502 1972 Elaee-

115 1986 275 2025 donum
297 1986 435 2040 copias
458 1986 619 2025 traduci
641 1986 768 2025 iussit.
833 1986 897 2025 Eo
919 1986 1156 2025 nuntiatum
1180 1995 1253 2035 est,
1277 1987 1501 2027 concilium

117 2041 282 2082 Aetolis
311 2040 561 2081 Heracleam
593 2041 810 2090 indictum,
837 2056 1062 2096 regemque
1086 2042 1290 2091 Attalum,
1319 2043 1371 2082 ad
1402 2058 1502 2083 eon-

116 2097 358 2138 sultandum
385 2098 437 2138 de
466 2112 627 2137 summa
658 2097 768 2146 belli,
790 2106 1024 2138 venturum.
1088 2097 1217 2138 Hunc
1248 2109 1501 2140 conventum

119 2163 164 2195 ut
196 2155 381 2195 turbaret
411 2154 547 2195 subito
583 2153 778 2203 adventu,
811 2154 972 2210 magnis
1004 2154 1221 2195 itineribus
1254 2154 1501 2197 Heracleam

163 2302 180 2331 3
209 2293 431 2331 Peparethum
472 2294 671 2331 praesidium
716 2294 789 2323 urbi

834 2294 967 2323 formam
992 2297 1130 2332 spectat,
1154 2294 1247 2333 plura
1271 2294 1311 2324 de
1336 2296 1424 2333 pelta
1449 2295 1501 2324 ha<

120 2335 231 2372 mittit]
251 2334 355 2364 Mittit
371 2334 403 2363 in
416 2334 553 2365 insulam
568 2335 787 2373 Peparethum

833 2336 909 2365 bent
941 2335 1120 2374 scriptores,
1146 2346 1251 2375 neque
1280 2340 1389 2365 tamen
1416 2337 1501 2375 quic-

119 2376 315 2416 praesidium
352 2375 433 2413 urbi,
471 2386 553 2414 quae
592 2377 788 2415 cognominis

120 2422 187 2448 erat
203 2417 263 2456 ipsi
279 2417 412 2448 insulae.
457 2418 609 2448 Ceterum
632 2419 720 2447 loeus
736 2419 787 2448 hie

120 2458 377 2498 corruptissimus
423 2463 499 2489 erat.
568 2460 790 2490 Emendavere

121 2502 227 2541 Sigon.
256 2505 288 2531 et
318 2501 419 2531 Gron.
447 2511 487 2531 ex
514 2501 649 2540 Polybio
679 2511 710 2531 x.
740 2511 789 2542 39.

121 2544 228 2575 szv.

163 2597 183 2623 4
206 2585 301 2615 Pelta
338 2589 466 2614 caetrae
502 2585 592 2614 haud
628 2585 790 2615 dissimilis

120 2629 182 2665 est]
209 2626 359 2665 Clypeoli
382 2626 470 2656 fuere
493 2627 591 2663 leves,
606 2627 789 2664 brevesque.

122 2670 240 2700 Caetra
262 2678 280 2698 0
303 2667 388 2698 00110
411 2668 477 2697 fere
499 2667 570 2703 fuit,
587 2669 672 2706 quod
696 2668 790 2697 inter-

122 2712 200 2740 dum
225 2709 329 2739 nervis
353 2710 631 2745 intertexebatur3
653 2713 687 2738 at
710 2710 791 2739 nihil

122 2753 261 2782 habebat
284 2751 372 2790 ligni,
391 2762 495 2790 neque
516 2751 597 2781 ferri.
645 2752 737 2781 Idem
762 2755 793 2781 et

124 2795 163 2824 de
194 2795 282 2833 pelta
312 2793 464 2833 suspicari
494 2793 579 2824 licet.
626 2794 725 2828 Quod
752 2794 792 2823 ad

832 2387 927 2415 quain
952 2378 1028 2407 satis
1051 2382 1188 2414 eertum,
1208 2377 1283 2415 quia.
1304 2388 1422 2416 nempe
1447 2389 1502 2417 pro

833 2419 963 2449 diversis
982 2419 1130 2457 gentibus
1150 2419 1218 2449 01115
1236 2420 1337 2448 forma
1360 2420 1501 2450 variavit.

836 2460 930 2490 Pelta
949 2461 1065 2490 dicitur
1080 2462 1194 2490 lunata
1215 2461 1303 2499 apud
1320 2461 1502 2500 Virgilium.

835 2502 901 2531 Alii
928 2512 998 2531 eain
1025 2503 1206 2538 rotundam,
1238 2502 1292 2531 alii
1324 2513 1397 2533 vero
1428 2514 1503 2542 qua-

835 2544 1023 2581 drangulam
1040 2543 1135 2573 fuisse
1151 2545 1272 2574 volunt.
1304 2545 1421 2576 Caetra
1437 2556 1503 2576 ma-

834 2585 880 2623 gis
893 2585 939 2614 usi
954 2585 1105 2624 Hispani,
1118 2590 1149 2615 et
1162 2586 1230 2615 Afri
1243 2598 1249 2616 ι
1269 2586 1368 2625 pelta,
1377 2587 1504 2625 Graeci,

836 2627 1043 2663 Macedones,
1057 2627 1206 2658 Thraces.
1240 2628 1407 2658 Interdum
1424 2630 1504 2660 haee

835 2668 965 2697 nomina
1003 2669 1090 2707 apud
1124 2670 1293 2708 scriptores
1326 2671 1505 2709 promiscue

837 2714 1038 2748 usurpantur.
1063 2711 1168 2741 szv.

881 2762 896 2790 5
922 2753 1056 2782 Insulae
1071 2755 1198 2791 parles]
1229 2753 1393 2791 Euboeae,
1418 2755 1506 2785 cuius

838 2795 912 2824 urbs
928 2794 1058 2825 Chalcis
1074 2798 1139 2824 erat
1158 2800 1264 2835 caput.
1290 2796 1396 2829 CREv.
