1877 3178
393 72 477 111 520
909 83 1054 128 TITI
1091 88 1269 134 LIVII

186 158 229 189 U.
247 160 285 191 C.
307 171 379 203 549-
395 163 406 181 ‘
421 160 584 214 pulares
606 164 791 209 futurum
814 173 927 213 esse.’
968 174 1040 216 Ad
1061 192 1111 218 ea
1130 194 1374 236 responsum
1395 184 1562 242 legatis:
1589 196 1599 213 ‘
1614 190 1774 234 Rerum

182 200 222 232 A.
247 202 285 233 C.
308 214 380 245 ²03·
395 220 406 238 c

232 1008 294 1046 18.

166 1061 331 1093 Proelium

163 1112 235 1132 cum
253 1104 324 1136 Ma-

160 1154 251 1181 gone.

421 227 629 271 gestarum
660 222 703 263 in
737 225 879 268 Africa
910 244 1106 287 prospere
1140 252 1407 282 communem
1438 244 1515 285 sibi
1551 261 1646 288 cum
1676 265 1773 306 rege

394 276 741 328 ‘gratulationem
762 298 860 325 esse.
926 286 1165 344 Scipionem
1187 304 1298 336 recte
1324 306 1448 354 atque
1475 301 1619 344 ordine
1640 305 1773 348 videri

393 330 576 383 ‘fecisse,
599 338 714 391 quod
736 354 831 381 eum
857 357 997 399 regem
1025 349 1318 403 appellaverit:
1353 365 1406 405 et,
1430 357 1633 414 quicquid
1659 362 1804 411 aliud9

392 391 403 409 ‘
418 387 573 440 fecerit,
592 395 706 447 quod
728 397 841 438 cordi
862 399 968 442 foret
989 402 1249 456 Masinissae,
1268 425 1317 450 ea
1337 411 1482 455 Patres
1503 419 1770 472 comprobare

391 449 542 500 ‘atque
570 448 763 493 laudare.'
822 455 1015 509 RIunera,
1040 476 1146 516 quae
1176 463 1300 520 legati
1321 468 1476 511 ferrent
1502 473 1603 528 regi,
1627 474 1771 518 decre-

387 512 561 545 verunt:
594 508 735 562 sagula
755 526 964 568 purpurea
984 517 1067 558 duo
1090 534 1185 560 cum
1206 523 1344 565 fibulis
1365 527 1704 585 aureiszsingulis,
1727 542 1771 575 et

385 556 468 599 lato
490 560 606 603 clavo
628 566 803 608 tunicis:
837 579 879 610 et
900 586 1028 627 equos
1050 575 1134 616 duo
1155 578 1412 633 phaleratos:
1444 584 1542 626 bina
1562 590 1770 643 equestria

385 629 498 657 arma
528 633 623 660 cum
654 621 814 666 loricis:
849 636 891 668 et
921 631 1197 684 tabernacula,
1229 637 1533 697 militaremque
1566 646 1769 700 supellec-

385 671 513 723 tilem,
556 677 721 731 qualem
762 685 951 737 praeberi
991 690 1149 731 consuli
1190 707 1278 734 mos
1319 706 1436 738 esset.
1518 698 1639 742 Haec
1678 704 1767 760 regi

382 740 548 783 praetor
568 734 732 778 mittere
754 739 898 783 iussus.
961 743 1130 801 Legatis
1151 748 1195 788 in
1217 750 1400 806 singulos
1421 754 1533 797 dona
1552 772 1605 798 ne
1628 759 1765 802 minus

382 786 559 840 quinum
581 791 770 844 millium,
794 800 1015 842 comitibus
1042 818 1184 845 eorum
1214 808 1391 850 millium
1417 813 1546 854 aeris:
1580 824 1622 856 et
1641 818 1765 858 vesti-

380 855 522 885 menta
549 847 647 888 bina
674 849 831 905 legatis,
858 856 1020 912 singula
1047 862 1267 904 comitibus
1289 865 1586 925 Numidisque,
1609 873 1681 927 qui
1709 889 1763 915 ex

379 902 567 943 custodia
594 906 731 947 emissi
758 911 1034 955 redderentur
1065 918 1164 973 regi.
1227 921 1300 962 Ad
1331 922 1410 966 hoe
1441 927 1563 968 aedes
1593 929 1790 982 liberae,1

376 954 479 1005 loca,
502 958 630 1001 lautia
649 962 795 1018 legatis
816 967 994 1011 decreta.

435 1012 596 1056 Eadem
629 1029 797 1071 aestate,
828 1040 911 1079 qua
942 1027 1044 1069 haec
1075 1030 1242 1074 decreta
1274 1034 1446 1087 Romae,
1476 1048 1518 1081 et
1548 1042 1593 1082 in
1616 1044 1760 1087 Africa

373 1079 489 1123 gesta
519 1083 628 1124 sunt,
662 1076 708 1117 P.
737 1078 992 1126 Quinctilius
1014 1085 1150 1128 Varus
1180 1100 1345 1144 praetor
1375 1104 1416 1135 et
1447 1095 1508 1137 M.
1536 1097 1758 1144 Cornelius

372 1131 593 1181 proconsul
618 1132 660 1172 in
682 1149 779 1190 agro
798 1136 1036 1182 Insubrium
1057 1143 1273 1188 Gallorum
1296 1164 1391 1191 cum
1409 1151 1593 1209 BIagone
1612 1156 1757 1200 Poeno

371 1183 499 1238 signis
520 1187 677 1230 collatis
698 1207 950 1247 pugnarunt.
1012 1199 1218 1244 Praetoris
1244 1204 1427 1261 legiones
1448 1210 1491 1250 in
1513 1213 1647 1266 prima
1667 1215 1755 1257 acie

369 1240 563 1284 fuerunt:
602 1246 824 1291 Cornelius
849 1268 942 1294 suas
968 1256 1010 1296 in
1035 1259 1226 1301 subsidiis
1255 1264 1403 1314 tenuit,
1426 1266 1513 1322 ipse
1541 1270 1593 1310 ad
1621 1271 1755 1326 prima

369 1297 487 1353 signa
514 1316 622 1356 equo
653 1305 876 1350 advectus:
910 1326 1068 1368 proque
1095 1316 1257 1359 duobus
1288 1323 1481 1365 cornibus
1511 1337 1676 1380 praetor
1705 1344 1753 1370 ac

367 1358 591 1409 proconsul
621 1362 772 1404 milites
803 1367 855 1407 ad
886 1368 1103 1413 inferenda
1132 1373 1176 1413 in
1207 1375 1344 1417 hostes
1375 1380 1492 1435 signa
1521 1398 1682 1426 summa
1711 1387 1752 1427 vi

367 1411 649 1458 hortabantur.
707 1420 933 1478 Postquam
957 1427 1063 1468 nihil
1084 1435 1412 1486 commovebant,
1437 1447 1525 1479 tum
1551 1439 1750 1485 Cornelio

370 1467 651 1516 Quinctilius:
690 1477 905 1531 ‘Lentior,
940 1492 985 1524 ut
1015 1485 1142 1536 vides,
1175 1489 1222 1529 fit
1252 1505 1418 1547 pugna:
1458 1503 1500 1536 et
1532 1497 1750 1541 induratus

367 1531 376 1547 ‘
393 1537 557 1580 praeter
582 1546 696 1586 spem
726 1536 956 1580 resistendo
985 1541 1167 1585 hostium
1195 1546 1343 1589 timor:
1377 1566 1437 1601 ac,
1464 1568 1516 1593 ne
1543 1564 1675 1597 vertat
1704 1557 1779 1598 in2

366 1583 620 1636 ‘audaciam
654 1592 883 1644 periculum
916 1606 987 1638 est.
1052 1599 1302 1656 Equestrem
1335 1609 1559 1661 procellam
1591 1613 1749 1655 excite-

364 1643 375 1660 ‘
392 1653 495 1689 mUS,
519 1654 694 1697 oportet,
717 1649 750 1687 si
773 1652 936 1693 turbare
958 1670 1004 1695 ac
1026 1665 1134 1698 statu
1156 1674 1322 1702 movere
1344 1664 1544 1708 volumus.
1597 1668 1746 1726 Itaque

363 1699 374 1717 ⁶
391 1696 455 1736 vel
487 1707 532 1738 tu
560 1700 612 1740 ad
641 1704 774 1757 prima
801 1708 918 1762 signa
943 1712 1145 1765 proelium
1172 1718 1341 1768 sustine,
1368 1736 1445 1776 ego
1474 1723 1670 1767 inducam
1700 1728 1745 1768 in

362 1758 372 1774 ‘
390 1767 572 1808 pugnam
595 1760 779 1813 equites:
814 1765 877 1804 vel
899 1781 976 1821 ego
998 1769 1065 1809 hic
1089 1770 1130 1810 in
1152 1773 1285 1826 prima
1304 1777 1391 1817 acie
1413 1793 1499 1819 rem
1520 1795 1674 1834 geram,
1698 1793 1744 1825 tu

361 1814 372 1830 ‘
389 1819 586 1863 quattuor
620 1815 831 1871 legionum
873 1824 1035 1877 equites
1075 1826 1118 1866 in
1159 1828 1322 1871 hostem
1362 1835 1532 1876 emitte.’
1594 1838 1742 1881 Utram

359 1866 482 1908 vellet
532 1880 709 1924 praetor,
757 1880 940 1919 muneris
990 1891 1150 1936 partem
1200 1891 1444 1940 proconsule
1496 1895 1739 1950 accipiente,

361 1921 616 1969 Quinctilius
644 1941 810 1984 praetor
837 1949 931 1975 cum
960 1937 1059 1987 filio,
1083 1941 1151 1980 cui
1180 1942 1326 1985 hIareo
1355 1961 1610 2001 praenomen
1637 1963 1738 2004 erat,

356 1978 533 2035 impigro
556 1983 719 2036 iuvene,
743 1989 794 2029 ad
816 1993 978 2046 equites
1006 1997 1167 2051 pergit:
1200 1999 1413 2057 iussosque
1442 2008 1666 2050 escendere
1693 2011 1739 2052 in

355 2050 485 2090 equos
516 2053 687 2095 repente
718 2045 762 2085 in
795 2046 958 2089 hostem
991 2053 1155 2094 emittit.
1220 2056 1469 2102 Tumultum
1500 2075 1737 2119 equestrem

353 2093 470 2134 auxit
497 2095 654 2139 clamor
681 2101 731 2142 ab
752 2102 984 2159 legionibus
1013 2109 1205 2153 additus:
1240 2129 1317 2156 nec
1345 2118 1524 2161 stetisset
1554 2121 1736 2165 hostium

392 2248 410 2275 9
433 2240 489 2276 Et,
519 2243 672 2282 quic-quid
696 2247 789 2276 alind
805 2248 834 2285 f1
846 2252 934 2286 verit,
959 2275 965 2281 .
984 2275 990 2282 .
1009 2276 1015 2282 .
1063 2254 1272 2294 telligendum
1294 2270 1361 2290 esse
1379 2261 1501 2301 aliquid
1516 2267 1601 2303 quod
1620 2268 1660 2298 ad
1677 2268 1732 2300 ha-

347 2278 402 2317 ea]
431 2281 493 2310 Pro
514 2294 550 2313 ea
575 2286 654 2316 ratio
678 2291 887 2325 grammatica-
910 2298 1016 2331 postu-
1062 2296 1250 2329 bitationem
1276 2302 1445 2341 pertineat,
1471 2307 1619 2347 colligere
1647 2311 1732 2341 vide-

347 2320 426 2351 laret
447 2325 488 2359 id,
508 2326 561 2355 sed
578 2328 655 2357 alibi
672 2340 799 2369 quoque
818 2342 837 2361 a
858 2336 1017 2366 consuetis
1061 2348 1134 2368 mur
1147 2351 1185 2370 ex
1197 2352 1245 2377 eo,
1257 2345 1342 2382 quod
1357 2345 1428 2377 infr.
1442 2349 1554 2380 xxxiii.
1568 2361 1615 2389 24·
1632 2353 1731 2391 legati

345 2366 573 2400 grammaticae
595 2370 717 2409 legibus
737 2372 769 2402 in
786 2373 845 2404 hac
862 2385 894 2405 re
911 2382 1016 2408 noster
1060 2382 1253 2414 Alaeedones
1290 2386 1441 2418 dicuntur
1476 2391 1601 2422 deducti
1637 2399 1730 2426 ea‘tra

344 2407 473 2437 recedit.
499 2410 537 2439 cf.
559 2410 630 2441 infr.
651 2414 762 2445 xxxiii.
782 2425 830 2453 24.
854 2429 1013 2457 quaecum·
1060 2424 1168 2454 urbem
1193 2427 1227 2455 in
1247 2429 1355 2458 ‘villam
1373 2432 1546 2470 publicam,
1562 2436 1668 2475 ibique
1688 2439 1729 2468 iis

344 2457 405 2485 qne
426 2455 556 2482 senalus
577 2457 761 2494 censzcissel,
778 2459 811 2487 id
826 2470 927 2498 restem
940 2463 1013 2499 sac·
1058 2466 1143 2495 locus
1158 2472 1188 2496 et
1204 2469 1307 2499 lautia
1320 2474 1479 2509 praebila.
1516 2477 1637 2507 Lamia
1653 2484 1728 2509 sunt

342 2492 450 2520 turum
467 2504 541 2523 esse.
1058 2517 1189 2539 munera
1221 2510 1403 2551 hospitalia,
1428 2526 1512 2555 supr.
1537 2519 1647 2550 xxviii.
1675 2530 1725 2561 59.

388 2541 399 2561 1
425 2535 530 2565 Aedes
559 2538 689 2576 liberae,
720 2541 804 2580 loca]
842 2545 946 2575 Aedes
975 2548 1010 2575 li<
1058 2549 1163 2580 Cssssv.

341 2572 434 2605 berae
447 2586 487 2605 sc.
501 2588 620 2609 vacuae
637 2585 668 2610 et
685 2582 817 2620 proinde
834 2585 1012 2625 hospitibus
1100 2601 1115 2620 ‘2
1140 2594 1290 2624 IIoslium
1315 2598 1423 2637 timor]
1452 2600 1603 2632 Hostium
1628 2603 1737 2636 timor‘

340 2616 538 2654 excipiendis
564 2626 721 2659 patentes.
756 2636 841 2664 supr.
869 2629 955 2659 xxiv.
984 2638 1010 2668 7.
1056 2637 1182 2670 praeter
1211 2636 1396 2675 opinionem
1425 2642 1529 2673 factus
1565 2648 1612 2675 est
1649 2647 1723 2677 resi-

339 2656 503 2694 Ceterum,
520 2663 595 2699 quid
612 2664 674 2694 sint
690 2668 768 2703 loca,
786 2678 867 2705 quae
884 2676 1009 2708 praeter
1053 2677 1165 2705 stende
1190 2678 1307 2715 durior,
1330 2681 1360 2711 h.
1378 2692 1404 2712 e.
1427 2683 1533 2715 hostes
1553 2690 1664 2718 contra
1683 2688 1721 2719 ti-

338 2698 452 2730 liberas
461 2704 556 2733 aedes
567 2705 782 2739 decernuntur
791 2710 1006 2748 logatis,hand
1052 2726 1172 2748 morem
1216 2721 1390 2753 resistendo
1430 2736 1462 2755 se
1500 2727 1719 2763 obfinnarunt.

336 2739 430 2771 facile
446 2747 585 2775 statuere
601 2758 779 2786 possumus.
820 2752 944 2786 Tamen
961 2755 1006 2785 iu<
1054 2758 1163 2791 Domi.
