1871 3178
495 91 619 133 Llss.
656 92 802 134 XXX.
846 93 984 135 (ΒΑΓ.
1019 99 1084 135 39.
1401 100 1474 137 5-1]

99 178 301 237 pecuniae
331 182 477 235 viginti
508 183 694 237 quinque
727 183 855 223 millia
888 183 1028 238 pondo
1059 184 1218 237 argenti
1251 186 1483 239 praesentia
1502 192 1595 222 Ι’.(“.
1621 202 1691 230 550-

100 248 270 279 cxacta:
306 239 574 294 indutiaeque
601 239 1017 294 Carthaginiensibus
1039 240 1158 280 datae
1184 241 1224 279 in
1256 250 1337 281 tres
1367 236 1692 305 111011-]1·](“’ῑ·.ἷξ)ῗ·

99 309 173 336 ses.
237 296 457 344 Additum,
493 311 545 336 nc
578 311 652 350 per
685 296 940 337 indutiarum
979 306 1141 352 tempus
1177 297 1255 336 alio
1294 287 1691 352 usquam,1s¹‡[.¹{„¹g.',‘„'¹¹

131 367 224 392 uam
269 352 460 401 Romam,
498 353 712 392 mitterent
753 353 932 406 legatos:
982 363 1035 401 et,
1073 353 1315 408 quicunque
1359 355 1553 408 legatia-s.

99 366 401 463 Carthaginem
443 410 666 455 venissent,
703 425 755 449 ne
797 418 892 449 ante
934 409 1193 450 dimitterent
1235 426 1317 458 cos,
1356 426 1482 465 quant

100 463 339 505 Romanum
373 466 676 521 imperatorem,
709 466 794 520 qui,
827 475 870 506 et
899 482 1006 520 quae
1038 475 1227 520 petentes
1258 467 1480 516 venissent,

98 521 317 562 certiorem
351 522 544 562 facerent.
610 524 717 563 Cum
757 522 901 577 legatis
940 523 1357 575 Carthaginiensibus
1396 524 1482 564 Ro-

97 591 208 618 mam
250 579 361 618 missi
399 579 446 619 L.
475 578 672 619 Veturius
705 579 838 626 Philo,
876 588 918 619 et
955 579 1015 619 M.
1045 579 1230 619 Marcius
1270 580 1402 629 Ralla,
1441 592 1482 621 et

98 632 147 674 L.
170 634 309 690 Scipio
339 636 596 690 imperatoris
624 636 760 675 frater.
823 636 905 676 Per
933 650 1002 676 eos
1028 636 1116 676 dies
1144 647 1399 676 commeatus
1429 653 1481 678 ex

99 690 240 731 Sicilia
263 691 536 746 Sardiniaque
561 701 716 732 tantam
739 691 939 732 vilitatem
963 708 1153 733 annonae
1176 694 1416 743 effecerunt,
1437 704 1481 734 nt

96 761 170 802 pro
192 757 361 788 vectura
377 748 631 788 frumentum
655 757 859 788 mercator
879 750 1015 789 nautis
1037 749 1304 804 relinqueret.

155 803 315 844 Romae
333 804 385 844 ad
402 804 596 844 nuntium
613 805 793 859 primum
813 805 1049 845 rebellionis
1069 806 1480 861 Carthaginiensium

97 861 348 915 trepidatum
368 861 529 909 fuerat3
563 861 780 915 iussusque
809 870 896 902 crat
925 862 991 902 Ti.
1014 862 1218 903 Claudius
1247 874 1407 905 mature
1438 866 1480 904 in

98 915 281 957 Siciliam
313 917 482 958 classem
513 917 679 965 ducere,
707 927 831 972 atque
864 918 961 958 inde
994 919 1037 958 in
1061 920 1246 959 Africam
1279 921 1478 967 traiicere,

95 983 137 1014 et
161 973 265 1014 alter
292 974 436 1014 consul
464 974 525 1014 M.
549 974 745 1014 Servilius
774 974 826 1014 ad
861 975 1005 1015 urbem
1040 976 1202 1024 morari,
1226 976 1373 1025 donce,
1397 993 1480 1032 quo

94 1037 204 1070 Statu
239 1045 304 1071 res
340 1031 382 1070 in
415 1030 559 1070 Africa
594 1039 743 1079 essent,
780 1031 966 1071 sciretur.
1033 1032 1226 1085 Segnitcr
1261 1034 1401 1073 omnia
1437 1034 1479 1074 in

94 1087 372 1142 comparanda
405 1087 737 1142 deducendaque
774 1087 900 1127 classe
934 1089 985 1128 ab
1014 1088 1078 1128 Ti.
1102 1088 1282 1129 Claudio
1311 1090 1479 1130 consule

93 1142 201 1184 facta
233 1153 377 1192 erant3
411 1144 525 1198 quod
558 1143 703 1184 Patres
736 1144 788 1184 de
822 1159 923 1199 pace
961 1145 1166 1200 Scipionis
1203 1146 1340 1200 potius
1373 1148 1480 1187 arbi-

93 1200 219 1240 trium
246 1216 347 1249 esse,
370 1201 521 1255 quibus
549 1200 710 1256 legibus
731 1201 911 1250 daretur,
935 1216 1060 1255 quam
1089 1202 1282 1251 consulis,
1306 1218 1480 1244 censue-

92 1265 197 1298 rant.
259 1257 457 1311 Prodigia
478 1272 659 1312 quoque,
682 1258 873 1298 nuntiata
903 1259 978 1298 sub
1004 1259 1135 1313 ipsam
1163 1259 1312 1299 famam
1346 1260 1479 1301 rebel·
1494 1271 1653 1313 Prodigia.

92 1312 227 1362 lionis,
252 1322 449 1354 terrorem
479 1314 716 1354 attulerant.
782 1314 930 1354 Cumis
951 1315 1046 1355 solis
1068 1315 1177 1355 orbis
1199 1317 1330 1356 minui
1353 1317 1476 1366 visus,

93 1378 136 1410 et
156 1370 263 1425 pluit
284 1371 449 1426 lapideo
470 1371 606 1419 imbri,
624 1380 666 1411 et
688 1371 730 1411 in
749 1370 965 1411 Veliterno
988 1387 1085 1426 agro
1108 1381 1215 1412 terra
1236 1373 1476 1428 ingentibus

93 1427 279 1467 cavernis
300 1427 500 1475 consedit,
523 1428 771 1482 arboresque
798 1428 839 1467 in
862 1428 1116 1483 profundum
1136 1429 1317 1470 haustae.
1382 1431 1479 1470 Ari-

93 1483 181 1524 ciae
216 1484 365 1532 forum,
402 1493 443 1524 et
479 1484 587 1524 eirca
627 1485 835 1533 tabernae,
875 1485 1104 1525 Frusinone
1142 1500 1283 1525 murus
1321 1486 1479 1542 aliquot

92 1538 206 1589 locis,
229 1549 269 1581 et
291 1549 421 1595 porta,
447 1541 499 1580 de
521 1541 637 1581 coelo
660 1550 789 1581 tacta:
821 1549 863 1581 et
883 1542 924 1581 in
948 1541 1109 1582 Palatio
1130 1541 1336 1597 lapidibus
1358 1544 1475 1598 pluit.

93 1594 145 1636 Id
176 1597 412 1652 prodigium
444 1612 557 1638 more
588 1598 722 1652 patrio
753 1598 991 1638 novendiali
1019 1613 1146 1647 sacro,
1169 1609 1306 1639 cetera
1334 1600 1478 1640 hostiis

92 1653 316 1694 maioribus
357 1654 532 1709 expiata.
602 1654 720 1695 Inter
755 1669 861 1709 quae
903 1655 1027 1695 etiam
1069 1670 1272 1709 aquarum
1312 1656 1478 1697 insolita

92 1710 338 1765 magnitudo
371 1711 414 1750 in
447 1710 691 1764 religionem
724 1726 851 1751 versa.
915 1710 1027 1751 Nam
1058 1711 1115 1751 ita
1145 1711 1372 1753 abundavit
1403 1713 1442 1753 T
1445 1713 1478 1753 i-

91 1765 213 1814 beris,
246 1775 293 1806 ut
327 1766 416 1807 ludi
448 1766 726 1821 Apollinares,
764 1767 873 1808 circo
908 1767 1125 1816 inundato,
1163 1777 1280 1809 extra
1315 1778 1476 1824 portam

61 1827 81 1859 6
96 1821 305 1863 Collinam
327 1823 380 1863 ad
400 1823 547 1863 aedem
566 1823 776 1879 Erycinae
794 1823 971 1864 Veneris
987 1825 1118 1879 parati
1135 1825 1230 1865 sint.
1276 1824 1477 1866 Ceterum

91 1878 286 1920 ludorum
308 1880 398 1935 ipso
415 1879 496 1928 die,
513 1880 650 1920 subita
670 1881 891 1920 serenitate
913 1890 1015 1929 orta,
1033 1896 1198 1936 pompa,
1216 1881 1313 1922 duci
1330 1892 1478 1938 coepta

92 1935 146 1976 ad
177 1945 338 1991 portam
371 1936 595 1983 Collinam,
625 1945 816 1976 revocata
844 1936 1108 1990 deductaque
1137 1938 1181 1976 in
1214 1938 1369 1978 circum
1401 1948 1476 1988 est,

92 2007 223 2047 quum
240 1992 462 2033 decessisse
484 1992 582 2032 inde
604 2006 754 2046 aquam
777 1992 1014 2032 nuntiatum
1037 2001 1166 2032 esset:
1191 1992 1477 2048 laetitiamque

91 2048 248 2104 populo
283 2058 326 2089 et
364 2048 473 2088 ludis
513 2047 796 2088 celebritatem
837 2048 999 2088 addidit
1039 2048 1157 2088 sedes
1192 2064 1266 2089 sua
1301 2050 1477 2091 sollenni

91 2105 327 2161 spectaculo
348 2105 521 2145 reddita.

151 2162 377 2204 Claudium
411 2160 638 2210 consulem,
672 2161 904 2216 profectum
935 2161 1104 2202 tandem
1138 2163 1189 2202 ab
1221 2163 1335 2212 urbe,
1368 2163 1477 2204 inter
1553 2168 1619 2207 39.

91 2227 236 2275 portus
278 2218 491 2259 Cosanum
533 2218 903 2273 Lauretanumque
950 2227 1067 2258 atrox
1112 2219 1173 2259 vis
1220 2221 1474 2275 tempestatIS
1488 2221 1616 2277 elassis·

93 2275 238 2316 adorta
282 2276 327 2315 in
373 2284 531 2315 metum
574 2274 790 2329 ingentem
831 2274 1019 2315 adduxit.
1082 2275 1337 2330 Populonios
1377 2277 1474 2317 inde
1488 2264 1658 2337 {ffssffltlssm-

92 2347 225 2387 quum
251 2332 520 2388 pervenisset,
543 2332 804 2386 stetissetque
834 2331 903 2379 ibi,
931 2331 1032 2371 dum
1060 2332 1267 2386 reliquum
1298 2341 1476 2388 tempes-
1489 2331 1613 2386 pestate

92 2389 189 2429 tatis
209 2389 452 2438 exsaeviret‚
471 2387 602 2428 Ilvam
619 2388 810 2437 insulam,
829 2396 871 2428 et
892 2388 942 2427 ab
964 2387 1054 2427 Ilva
1078 2387 1303 2437 Corsicam,
1327 2404 1350 2430 a
1373 2392 1472 2431 Cor·
1491 2395 1614 2422 vexata.

89 2518 236 2556 profiteri
260 2518 346 2548 idem
372 2518 458 2556 quod
482 2518 656 2548 describere
681 2517 761 2553 vult,
806 2516 857 2546 vel
873 2516 913 2545 ad
932 2519 1056 2554 portam
1071 2516 1233 2546 Collinam
1247 2516 1354 2553 sitam,
1366 2522 1478 2555 postea

93 2562 124 2589 et
140 2561 358 2598 quaestoribus
373 2560 650 2589 accommodatum
668 2562 726 2588 est.
807 2558 937 2587 demum
963 2568 981 2587 a
1008 2558 1044 2587 L.
1064 2558 1178 2587 Porcio
1204 2559 1334 2587 consule
1359 2563 1477 2595 votam,

135 2600 155 2631 6
177 2602 232 2631 Ad
266 2603 371 2632 aedem
406 2603 570 2640 Erycinae
613 2601 757 2637 Veneris]
806 2604 836 2629 et
861 2599 976 2629 deinde
1002 2609 1020 2628 a
1044 2599 1081 2628 L.
1104 2599 1218 2629 Porcio
1244 2600 1280 2629 L.
1304 2600 1340 2629 F.
1364 2600 1477 2630 Licino

93 2643 218 2672 Aedem
236 2643 372 2673 Veneris
396 2643 556 2682 Erycinae
580 2652 675 2681 quam
700 2643 761 2671 Fa-
806 2641 976 2671 duumviro
1002 2641 1184 2670 dedicatam
1210 2641 1317 2673 fuisse.
1340 2642 1409 2671 infr.
1432 2643 1476 2674 xl.

92 2685 164 2714 bins
184 2686 316 2722 voverit,
337 2696 421 2724 supr.
444 2685 520 2715 xxii.
538 2695 566 2724 9.
588 2694 633 2714 10.
653 2688 683 2713 et
706 2684 757 2713 de-
805 2693 853 2722 34.
874 2687 983 2712 monet
1009 2683 1174 2712 Drakenb.
1194 2683 1237 2712 ita
1261 2688 1295 2712 ut
1319 2689 1373 2713 aut
1396 2694 1476 2713 erra-

93 2726 257 2764 dicaverit,
273 2737 358 2766 supr.
375 2727 463 2757 xxiii.
483 2737 531 2765 31.
548 2727 608 2756 hoe
626 2726 757 2755 1000111-
804 2726 881 2754 verit
914 2725 1033 2756 Livius.
1061 2730 1115 2754 aut
1141 2725 1260 2756 Iocum,
1286 2725 1339 2754 ubi
1365 2732 1476 2764 postea

92 2768 195 2807 telligi
211 2779 273 2798 non
292 2779 394 2807 posse⁷
411 2769 531 2808 quippe
547 2778 628 2806 quae
649 2767 681 2797 in
699 2768 758 2797 Ca-
803 2767 899 2796 aedes
926 2767 1053 2796 condita
1081 2771 1139 2800 est.
1164 2777 1220 2805 per
1247 2767 1408 2806 prolepsin
1432 2767 1476 2797 ita

94 2810 207 2848 pitolio
234 2815 339 2848 esset3
372 2811 507 2841 alteram
534 2815 640 2840 autem
670 2813 760 2839 extra
806 2809 975 2838 vocaverit.
