1877 3178
354 94 431 132 164
867 87 1014 131 ΤΙΤΙ
1051 86 1228 130 LIVII

144 187 188 218 U.
206 187 244 218 O.
267 194 337 226 537.
351 180 449 220 inde
472 179 533 221 M.
550 179 799 220 Marcellum
816 187 1125 234 propraetorem
1143 193 1237 218 cum
1260 177 1309 217 iis
1330 177 1472 233 copiis,
1487 191 1590 232 quas
1605 175 1733 216 habe-

141 229 182 260 Α·
206 230 244 260 C·
268 236 434 286 ²¹5·bat,
459 236 613 277 Nolam
635 236 678 275 in
699 235 953 291 praesidium
973 235 1095 275 misit.

206 301 275 338 40.
413 294 469 335 Et
489 294 533 333 in
564 293 754 334 Sardinia
781 307 844 332 res
871 307 946 347 per
974 292 1023 332 T.
1044 290 1254 331 Manlium
1281 298 1515 345 praetorem
1536 288 1765 333 adminis-9

146 355 214 403 Re}
225 355 257 385 in
272 355 341 386 Sar·
355 351 452 392 trari
491 358 676 406 coeptae,
718 364 824 404 quae
858 348 1030 389 omissae
1071 355 1200 395 erant,
1235 354 1455 401 postquam
1495 345 1547 393 Q.
1564 345 1735 386 Mucius

144 398 233 469 (ἔξω
250 408 317 436 ges-
353 416 518 464 praetor
536 406 650 462 gravi
667 406 810 446 morbo
825 413 885 445 est
902 404 1137 459 implicitus.
1190 403 1390 452 Manlius,
1408 403 1580 443 navibus
1600 401 1736 456 longis

201 462 209 470 ⁶
354 464 407 505 ad
431 464 599 505 Carales
627 462 851 510 subductis,
875 461 1172 515 navalibusque
1205 459 1325 500 sociis
1353 459 1531 507 armatis,
1554 466 1601 499 ut
1628 466 1763 498 terra1

355 536 443 562 rem
465 528 639 576 gereret,
662 528 705 560 et
732 534 756 558 a
782 526 970 573 praetore
1000 517 1187 558 exercitu
1215 524 1398 571 accepto,
1421 516 1504 556 duo
1526 523 1568 556 et
1588 513 1738 569 viginti

356 578 487 618 millia
513 576 716 632 peditum,
740 574 852 614 mille
878 582 920 614 et
947 574 1150 614 ducentos
1178 573 1340 628 equites
1368 572 1558 613 confecit.
1624 570 1738 611 Cum

355 634 420 675 his
438 634 627 689 equitum
648 632 922 688 peditumque
940 630 1068 686 copiis
1084 629 1293 685 profectus
1310 629 1353 669 in
1375 644 1518 685 agrum
1540 627 1737 675 hostium,

357 691 471 731 haud
495 689 639 746 procul
664 690 714 729 ab
742 688 1040 743 Hampsicorae
1067 687 1208 727 castris
1238 695 1369 726 castra
1392 685 1542 741 posuit.
1605 683 1739 724 Ham-

357 747 517 802 psicora
538 755 626 787 tum
642 745 745 786 forte
766 744 974 800 profectus
988 744 1132 784 eratin
1153 742 1323 783 Pellitos
1344 742 1506 791 Sardos,
1525 741 1577 782 ad
1594 741 1767 782 iuven-2

359 812 491 844 tutem
513 802 765 851 armandam,
789 816 872 856 qua
892 801 1030 856 copias
1051 808 1231 855 augeret.
1294 799 1423 840 Filius
1445 799 1546 848 eius,
1569 797 1738 838 nomine

359 859 548 908 Hiostus,
586 859 727 899 castris
762 866 971 914 praeerat:
1015 857 1062 906 is,
1097 856 1376 897 adolescentia
1410 855 1540 903 ferox,
1583 864 1738 895 temere

358 916 516 972 proelio
547 916 650 956 inito
674 917 789 955 fusus
818 915 1079 969 fugatusque.
1142 913 1214 953 Ad
1245 913 1323 953 tria
1352 912 1481 952 millia
1514 911 1739 952 Sardorum

359 987 410 1013 eo
436 972 595 1028 proelio
621 986 749 1021 caesa,
772 971 1003 1026 octingenti
1026 970 1154 1010 ferme
1182 970 1265 1010 vivi
1290 969 1411 1024 capti.
1474 969 1596 1009 Alius
1621 981 1740 1008 exer-

358 1030 466 1069 citus
495 1029 630 1083 primo
665 1043 740 1083 per
769 1042 886 1082 agros
916 1027 1119 1081 silvasque
1154 1026 1253 1081 fuga
1282 1026 1468 1081 palatus;
1511 1025 1623 1073 dein,
1655 1037 1740 1079 quo

359 1085 510 1125 (lucem
531 1085 682 1138 fugisse
705 1084 813 1124 fama
833 1091 932 1131 erat,
955 1083 1009 1123 ad
1029 1084 1173 1123 urbem
1195 1083 1364 1122 nomine
1390 1082 1592 1130 Cornum,
1615 1088 1741 1136 caput

359 1141 448 1181 cius
468 1141 661 1195 regionis,
683 1140 892 1193 confugit:
927 1139 1263 1192 debellatumque
1285 1153 1335 1178 eo
1355 1139 1513 1192 proelio
1535 1139 1578 1178 in
1603 1137 1742 1179 Sardi-

359 1197 430 1237 nia
461 1205 580 1245 esset,
611 1196 655 1236 ni
691 1196 828 1236 elassis
863 1195 1025 1236 Punica
1056 1210 1152 1235 cum
1182 1195 1288 1235 duce
1327 1194 1603 1243 Hasdrubale,
1634 1208 1741 1248 quae

362 1261 605 1308 tempestate
636 1252 798 1293 deiecta
828 1252 881 1292 ad
912 1252 1095 1292 Baliares
1125 1260 1224 1300 erat,
1254 1252 1297 1291 in
1329 1260 1513 1307 tempore
1545 1251 1598 1291 ad
1625 1264 1742 1306 spem

361 1310 588 1350 rebellandi
620 1310 864 1350 advenisset.
927 1308 1113 1349 Manlius
1138 1317 1231 1363 post
1254 1308 1405 1348 famam
1430 1307 1625 1363 appulsae
1657 1307 1743 1347 Pu-

361 1367 477 1407 nicae
499 1366 649 1415 classis,
675 1365 843 1406 Carales
870 1381 912 1406 se
941 1365 1108 1420 recepit.
1172 1365 1235 1405 Ea
1255 1365 1414 1405 occasio
1444 1364 1742 1420 Hampsicorae

361 1423 459 1463 data
479 1423 623 1463 Poeno
649 1438 691 1462 se
718 1422 931 1477 iungendi.
994 1421 1246 1470 Hasdrubal,
1269 1422 1398 1476 copiis
1426 1422 1469 1461 in
1491 1429 1642 1462 terram
1669 1435 1743 1461 ex-

360 1479 517 1534 positis,
540 1488 581 1519 et
602 1479 727 1519 classe
750 1479 918 1519 remissa
936 1478 1249 1533 Carthaginem,
1266 1478 1371 1518 duce
1396 1477 1671 1533 Hampsicora
1690 1477 1744 1517 ad

362 1535 566 1576 sociorum
604 1535 748 1590 populi
784 1535 967 1575 Romani
1008 1550 1153 1590 agrum
1193 1535 1479 1590 populandum
1520 1535 1741 1590 profectus,

366 1592 536 1632 Carales
571 1600 843 1647 perventurus
879 1600 978 1640 erat,
1010 1592 1054 1631 ni
1088 1591 1274 1632 Blanlius
1307 1592 1427 1632 obvio
1464 1591 1650 1633 exercitu
1691 1591 1742 1632 ab

363 1649 494 1688 effusa
514 1663 609 1688 eum
635 1648 903 1703 populatione
929 1648 1212 1688 continuisset.
1275 1648 1417 1688 Primo
1443 1657 1575 1689 castra
1601 1648 1743 1688 castris

364 1705 528 1745 modico
543 1704 759 1744 intervallo
775 1714 871 1745 sunt
888 1704 1066 1745 obiecta:
1100 1704 1253 1744 deinde
1270 1705 1602 1758 procursationes
1618 1704 1744 1745 levia-

364 1777 445 1815 que
468 1761 695 1802 certamina
714 1761 826 1801 vario
854 1769 1007 1801 eventu
1034 1761 1162 1800 inita:
1196 1769 1404 1815 postremo
1432 1761 1678 1801 descensum
1700 1761 1744 1800 in

364 1818 508 1866 aciem,
540 1818 750 1872 signisque
776 1817 946 1866 collatis,
976 1817 1082 1857 iusto
1113 1817 1270 1872 proelio
1297 1832 1371 1871 per
1398 1826 1595 1872 quattuor
1624 1817 1744 1858 horas

158 1879 335 1918 Proelium,
364 1882 606 1929 pugnatum.
670 1874 758 1914 Diu
788 1889 972 1929 pugnam
1008 1873 1233 1928 ancipitem
1264 1873 1410 1923 Poeni,
1451 1873 1589 1914 Sardis
1624 1873 1743 1914 facile

156 1932 327 1994 sslffiessufie‘
365 1931 474 1971 vinci
509 1931 693 1979 assuetis,
727 1930 936 1970 fecerunt:
980 1938 1189 1985 postremo
1229 1938 1271 1970 et
1311 1930 1402 1985 ipsi,
1439 1945 1569 1984 quum
1605 1930 1746 1971 omnia

157 1988 254 2036 thani.
302 1974 333 1995 θ’
364 1987 474 2027 circa
494 1995 627 2042 strage
656 2002 703 2027 ac
724 1986 822 2041 fuga
851 1986 1074 2027 Sardorum
1101 1986 1261 2041 repleta
1290 1995 1441 2035 essent,
1463 1987 1553 2027 fusi.
1618 1987 1745 2027 Cete-

364 2058 456 2083 rum
473 2052 588 2098 terga
608 2042 766 2091 dantes,
783 2043 1069 2083 circumducto
1082 2057 1224 2091 cornn,
1243 2058 1325 2098 quo
1341 2043 1558 2098 pepulerat
1581 2043 1744 2092 Sardos,

363 2099 531 2140 inclusit
560 2099 786 2139 Romanus.
851 2099 1014 2140 Caedes
1034 2099 1132 2139 inde
1161 2100 1303 2154 magis,
1326 2115 1451 2154 quam
1478 2115 1631 2154 pugna,
1653 2100 1742 2140 fuit.

365 2155 603 2196 Duodecim
620 2155 748 2196 millia
763 2155 944 2196 hostium
961 2170 1078 2196 caesa
1102 2155 1326 2196 Sardorum
1342 2156 1465 2196 simul
1486 2156 1745 2196 Poenorum-

366 2227 461 2266 que,
478 2212 606 2252 ferme
630 2212 708 2252 tria
728 2212 858 2252 millia
878 2220 919 2252 et
940 2212 1192 2266 septingenti
1214 2212 1336 2266 capti,
1354 2220 1397 2252 et
1417 2212 1534 2267 signa
1554 2212 1746 2253 militaria

220 2269 287 2306 41.
366 2276 524 2323 septem
561 2276 602 2308 et
632 2268 790 2322 viginti.
854 2268 969 2308 Ante
1002 2268 1143 2308 omnia
1174 2267 1326 2308 claram
1356 2277 1398 2308 et
1433 2269 1744 2310 memorabilem

363 2339 547 2379 pugnam
578 2324 677 2364 fecit
714 2323 952 2365 Hasdrubal
986 2324 1209 2380 imperator
1237 2333 1395 2380 captus,
1427 2334 1468 2365 et
1501 2325 1670 2375 Hanno,
1702 2335 1745 2367 et

405 2468 424 2498 9
451 2459 483 2488 T.
500 2459 666 2487 Ilsanlium
685 2459 882 2496 praetorem]
912 2458 1031 2497 Legen-
1077 2458 1169 2488 sociis
1184 2459 1352 2489 navalibus
1368 2459 1406 2489 cf.
1424 2470 1508 2498 supr.
1525 2459 1590 2490 xxi.
1607 2470 1657 2500 49.

364 2500 440 2529 dum
470 2500 582 2529 suadet
612 2500 756 2530 Perizon.
782 2505 1032 2538 propraetorem,
1120 2510 1135 2529 2
1154 2502 1285 2531 Pellitos
1296 2502 1428 2539 Sardos]
1450 2502 1500 2531 Sic
1517 2502 1607 2531 codd.
1619 2501 1744 2541 optimi,

364 2551 461 2578 quum
487 2541 525 2571 T.
548 2540 693 2571 Manlius
715 2541 775 2570 hoc
798 2552 882 2571 anno
906 2545 1031 2580 praetu-
1077 2545 1157 2571 teste
1171 2542 1342 2573 Gronovio.
1373 2543 1481 2582 Vulgo
1493 2544 1641 2574 Pellidos.
1670 2545 1743 2574 Pel-

364 2592 431 2610 ram
468 2592 531 2611 non
567 2583 715 2619 gesserit;
753 2584 807 2612 sed
839 2584 1030 2613 vocabulum
1076 2585 1123 2613 liti
1132 2584 1296 2614 Sardiniae
1305 2584 1607 2623 populus,qui‚quia
1616 2585 1743 2614 inmon-

359 2628 539 2668 ρναρίονριη
562 2624 613 2653 hic
638 2624 749 2653 latiore
769 2623 854 2654 vocis
876 2624 1029 2663 significa·
1075 2625 1160 2655 tibus
1185 2625 1384 2663 habitabant,
1406 2626 1478 2656 ideo
1504 2628 1545 2656 ad
1569 2627 1742 2656 arcendum

365 2667 451 2709 tione
472 2674 527 2701 pro
549 2665 660 2702 quovis
682 2666 759 2695 belli
779 2667 873 2703 duce,
892 2667 940 2696 vel
963 2677 1032 2705 pro-
1077 2667 1174 2705 frigus
1185 2667 1351 2697 mastrucis
1363 2671 1394 2698 et
1407 2668 1545 2706 pellibus
1556 2669 1740 2698 utebantur:

366 2713 488 2733 rint-iae
518 2706 690 2742 praefecto,
720 2707 782 2736 dici
813 2709 894 2737 bene
925 2712 1033 2738 monet
1077 2709 1163 2738 unde
1185 2709 1248 2738 illis
1274 2719 1390 2739 nomen
1419 2709 1538 2739 Pelliti.
1562 2710 1666 2740 szv.
1703 2710 1741 2739 cf.

367 2744 489 2774 Duker.
534 2787 539 2789 ξ
1079 2750 1162 2780 Plin.
1181 2751 1226 2780 H.
1241 2751 1284 2780 N.
1301 2750 1412 2780 xxxiii.
1430 2760 1476 2781 12.
1493 2751 1585 2781 Crev.
1603 2750 1706 2788 Epist.
1723 2760 1740 2789 3

411 2795 422 2815 1
450 2787 504 2815 Ad
519 2787 665 2823 Carales]
693 2788 780 2819 Hod.
793 2790 946 2827 C'ayliari.
981 2791 1033 2821 De
1077 2792 1117 2821 ad
1129 2792 1334 2821 Harduinum
1351 2792 1390 2821 de
1405 2791 1472 2822 eius
1484 2791 1622 2821 editione
1634 2792 1742 2824 Plinii.
