1871 3178
531 86 655 127 LIB.
693 86 838 127 XXX.
885 87 1030 127 (tixl‘.
1065 94 1101 127 8.
1428 91 1511 129 509

127 194 221 221 sens
254 180 540 236 Barcinaeque
573 197 716 221 omnes
745 182 934 221 factionis
965 181 1118 221 bellum
1150 182 1369 228 malebant,
1401 184 1507 224 vicit.
1529 200 1624 230 1'.(3.
1649 211 1720 240 5⁴9·

128 236 234 278 Inde
252 238 440 278 delectus
463 239 502 277 iu
523 239 622 278 urbe
645 240 834 292 agrisque
858 239 997 278 haberi
1017 248 1200 293 coeptus,
1219 249 1260 279 ct
1281 240 1331 279 ad
1350 241 1511 295 Sypha·
1528 243 1562 295 A?
1588 245 1625 272 (“·
1650 253 1719 290 25³3-

127 309 218 335 eem
242 295 362 349 legati
387 295 510 343 missi,
533 310 692 335 sunnna
714 311 791 350 ope
821 304 862 335 ct
884 296 1018 350 ipsum
1048 305 1307 350 reparantem
1331 298 1482 337 bellum
1500 315 1507 337 :
1524 286 1689 355 {iiiii-iiiim-

129 367 258 406 quum
283 367 387 391 uxor
408 367 490 391 non
514 353 607 400 iam,
632 361 675 391 ut
701 362 809 395 ante,
834 352 1055 400 blanditiis,
1079 353 1174 392 satis
1198 354 1436 407 potentibus
1459 355 1508 394 ad
1526 351 1642 398 belluni
1662 379 1705 398 rc-

129 409 314 448 animum
352 409 540 457 amantis,
573 408 645 448 scd
679 409 871 463 precibus
907 418 949 449 ct
986 410 1268 450 misericordia
1304 410 1508 459 valuisset,
1526 417 1646 447 1’³¹¹'³¹¹¹1·

128 465 253 520 plena
284 465 543 505 lacrimarum
575 466 797 513 obtestans,
825 481 876 505 ne
908 475 1066 520 patrem
1097 481 1217 506 suum
1250 467 1509 522 patriamque

127 521 335 577 proderet,
373 522 602 577 iisdemque
638 522 815 561 flammis
848 523 1161 575 Carthaginem,
1195 524 1344 578 quibus
1381 536 1511 565 castra

128 579 461 633 conflagrassent,
494 579 653 618 absumi
685 579 849 619 sineret.
916 580 1040 634 Spem
1073 595 1240 634 quoque
1278 591 1510 635 opportune

128 635 306 675 oblatam
342 636 567 675 atl'erebant
605 635 752 689 legati:
797 645 995 690 quattuor
1035 636 1165 676 millia
1203 637 1508 677 Celtiberorum

129 691 237 731 circa
266 693 409 732 urbem
446 692 613 731 nomine
644 692 824 740 Abbani,
847 693 897 732 ab
923 693 1271 747 conquisitoribus
1299 695 1381 734 suis
1413 710 1511 734 con-

129 747 255 788 ducta
284 749 322 788 in
357 748 572 803 Hispania,
595 749 784 803 egregiae
816 750 1057 797 iuventutis,
1082 751 1159 790 sibi
1189 752 1436 791 occurrisse:
1471 762 1509 791 et

131 803 437 845 Hasdrubalem
470 805 713 860 propediem
743 806 869 846 affore
901 822 995 847 eum
1028 822 1154 847 manu
1186 808 1509 863 haudquaquam

128 862 445 902 contemnenda.
509 861 642 917 Igitur
664 878 747 902 non
770 863 949 918 benigne
973 864 1097 904 modo
1120 865 1263 919 legatis
1285 865 1511 920 respondit,

128 918 202 958 sed
235 918 417 959 ostendit
449 919 574 959 etiam
611 919 923 960 multitudinem
960 922 1183 974 agrestium
1217 921 1512 969 Numidarum,

128 975 280 1030 quibus
301 990 376 1030 per
398 975 566 1016 eosdem
589 975 677 1016 dies
699 991 811 1016 arma
833 974 1046 1032 equosque
1065 977 1259 1027 dedisset,
1283 988 1322 1018 ct
1346 994 1511 1019 omnem

128 1031 387 1073 iuventutem
411 1033 585 1073 affirmat
607 1033 840 1073 exciturum
863 1049 915 1073 ex
937 1049 1076 1087 regno.
1141 1041 1153 1058 ‘
1169 1035 1282 1076 Scire
1305 1036 1512 1083 incendio,

130 1093 240 1129 ‘non
262 1089 432 1144 proelio,
456 1089 616 1129 cladem
639 1100 874 1145 acceptam:
909 1087 1005 1131 euni
1028 1091 1136 1131 bello
1155 1092 1389 1132 inferiorem
1412 1108 1512 1141 csse,

131 1150 143 1169 ‘
159 1145 232 1200 qui
253 1146 375 1186 armis
396 1146 610 1186 vincatur?
670 1146 789 1187 Haec
806 1147 950 1201 legatis
971 1163 1176 1203 responsa.
1242 1148 1296 1189 Et
1317 1158 1409 1204 post
1424 1149 1514 1189 dies
1527 1156 1647 1195 Copias

129 1217 283 1258 paucos
304 1217 442 1243 rursus
473 1202 709 1243 Hasdrubal
732 1213 774 1244 ct
805 1204 974 1260 Syphax
1003 1206 1142 1260 copias
1170 1206 1408 1246 iunxerunt.
1474 1206 1514 1246 Is
1527 1199 1674 1270 (ᾛἾζς-Υ·

130 1260 265 1300 omnis
286 1260 492 1300 exercitus
512 1260 591 1299 fuit
612 1260 781 1315 triginta
801 1261 928 1301 ferme
952 1262 1127 1302 millium
1150 1271 1411 1303 armatorum.
1526 1252 1628 1321 {2113th
1647 1251 1714 1270 mn-

191 1316 443 1371 Seipioncm,
466 1316 579 1357 velut
600 1316 681 1356 iam
703 1317 922 1366 debellato,
946 1318 1059 1373 quod
1081 1319 1133 1359 ad
1158 1319 1390 1374 Syphacem
1412 1320 1515 1361 Car-
1606 1328 1644 1364 8.

131 1372 498 1428 thaginiensesque
530 1373 736 1422 attineret,
770 1374 919 1415 Uticae
952 1377 1257 1431 oppugnandae
1290 1377 1512 1425 intentum,

130 1430 297 1485 iamque
321 1430 532 1470 machinas
558 1430 849 1471 admoventem
872 1432 1011 1479 muris,
1035 1433 1183 1473 avertit
1203 1433 1311 1474 fama
1333 1434 1516 1474 redinte-

129 1487 235 1542 grati
255 1486 376 1527 belli:
411 1487 668 1542 modicisque
690 1488 906 1543 praesidiis
927 1489 979 1529 ad
993 1490 1174 1544 speciem
1191 1491 1314 1530 modo
1336 1491 1517 1531 obsidio-

129 1544 194 1584 nis
222 1551 331 1584 terra
352 1544 539 1599 marique
561 1544 727 1593 relictis,
750 1545 837 1600 ipse
859 1560 954 1586 cum
986 1547 1132 1587 robore
1155 1547 1362 1587 exereitus
1384 1548 1441 1587 ire
1465 1547 1517 1587 ad

129 1599 269 1641 hostes
289 1601 437 1655 pergit.
500 1601 642 1641 Primo
663 1601 706 1641 in
731 1601 904 1651 tumulo,
923 1611 1119 1658 quattuor
1135 1603 1262 1643 ferme
1284 1604 1414 1644 millia
1434 1604 1518 1644 dis·
1532 1613 1563 1643 It
1579 1613 1618 1642 ad
1637 1612 1705 1659 tags-

131 1664 244 1697 tante
267 1658 317 1697 ab
346 1657 487 1698 castris
515 1658 652 1713 regiiS,
676 1658 890 1699 consedit:
924 1668 1088 1714 postero
1111 1659 1178 1700 die
1207 1675 1302 1700 cum
1329 1660 1577 1715 equitatutes
1594 1655 1710 1693 Senum.

129 1713 174 1753 in
207 1713 387 1768 Magnos
417 1715 496 1769 (ita
524 1715 695 1768 vocant)
726 1729 905 1770 campos,
935 1716 1141 1757 subiectos
1172 1717 1209 1757 ei
1242 1717 1416 1766 tumulo,
1445 1718 1519 1758 de-

129 1784 306 1825 gressus,
343 1770 609 1811 succedendo
645 1771 699 1811 ad
731 1772 929 1812 stationes
964 1771 1160 1822 hostium,
1193 1773 1517 1829 lacessendoque

130 1826 290 1868 levibus
310 1827 491 1882 proeliis,
514 1827 625 1868 diem
648 1828 900 1884 absumpsit:
935 1838 977 1870 et
998 1845 1072 1884 per
1097 1830 1322 1885 insequens
1342 1831 1519 1871 biduum

131 1883 398 1924 tumultuosis
419 1884 516 1924 hine
545 1894 669 1939 atque
698 1885 813 1925 illinc
835 1886 1150 1926 excursionibus
1180 1887 1223 1926 in
1244 1888 1390 1936 vicem,
1413 1888 1519 1928 nihil

131 1940 247 1980 dictu
287 1941 384 1980 satis
424 1941 599 1995 dignum
639 1941 838 1982 fecerunt.
912 1942 1075 1988 Quarto
1115 1942 1183 1982 die
1224 1944 1434 1998 utrimque
1474 1945 1516 1984 in

105 2017 116 2037 1
133 1997 266 2037 aciem
282 1996 526 2036 descensum
550 2006 622 2037 est.
687 1997 904 2037 Romanus
925 1998 1132 2052 principes
1152 2007 1245 2053 post
1262 1999 1517 2040 hastatorum

102 2072 119 2092 2
132 2053 266 2108 prima
286 2053 415 2107 signa,
434 2053 478 2092 in
495 2053 686 2093 subsidiis
704 2053 864 2093 triarios
881 2055 1118 2094 constituit:
1153 2055 1385 2108 equitatum
1404 2056 1518 2096 Itali-

133 2124 228 2150 cum
266 2109 316 2149 ab
347 2109 496 2150 dextro
527 2124 669 2157 cornu,
702 2110 753 2150 ab
783 2109 900 2150 laevo
932 2110 1139 2150 Numidas
1172 2111 1518 2168 Masinissamque.

133 2165 339 2222 opposuit.
405 2165 576 2221 Syphax
600 2165 934 2221 Hasdrubalque,
959 2166 1199 2208 Numidicis
1220 2168 1414 2209 adversus
1435 2169 1519 2210 lta-

133 2221 261 2263 lieum
309 2222 555 2277 equitatum,
601 2221 1017 2277 Carthaginiensibus
1064 2233 1208 2264 contra
1255 2225 1516 2266 Masinissam

104 2278 289 2328 3locatis,
315 2278 548 2319 Celtiberos
571 2279 613 2318 in
642 2279 821 2319 mediam
845 2280 977 2320 acic-m
999 2280 1041 2320 in
1063 2280 1233 2322 adversa
1253 2282 1371 2337 signa
1391 2282 1520 2338 legio-

181 2400 193 2420 1
220 2391 392 2429 Principes
406 2394 475 2429 post
489 2391 687 2419 hastatorum
698 2390 806 2429 prima

134 2433 245 2471 siyna]
273 2433 351 2462 Post
377 2432 464 2470 signa
485 2432 697 2468 hastatorum,
724 2441 806 2470 quae

135 2474 239 2513 prima
260 2478 360 2509 erant,
376 2473 408 2503 id
432 2478 490 2508 est,
506 2484 545 2503 ex
567 2473 680 2511 quibus
705 2473 807 2512 prima

135 2517 303 2547 constabat
329 2516 423 2545 acies.
469 2516 622 2546 Ceterum
652 2515 704 2545 hic
731 2519 806 2545 ante

136 2557 302 2597 Sigonium
329 2558 514 2597 legebatur:
544 2562 615 2596 post
640 2558 807 2596 principes

135 2601 335 2630 hastatorum
357 2601 465 2638 prima
495 2601 599 2638 „ci-(lna.
656 2599 805 2629 Correxit

135 2643 245 2679 i11e‚ut
259 2642 439 2680 postulabat
454 2645 483 2671 et
497 2640 649 2670 sollennis
658 2650 728 2670 mos
741 2642 806 2671 Ro-

135 2693 304 2714 manorum
323 2683 355 2712 in
377 2683 563 2713 instruenda
583 2682 663 2718 acie,
679 2693 698 2712 a
716 2683 806 2712 Livio

136 2725 263 2764 saepius
287 2728 433 2761 testatus,
457 2729 487 2754 et
512 2724 667 2763 Polybius
691 2724 753 2754 xiv.
777 2726 805 2755 8.

136 2768 169 2797 in
186 2768 280 2797 huius
292 2767 391 2806 ipsius
404 2766 517 2806 proelii
529 2767 720 2796 narratione.
745 2767 806 2797 CR.

181 2819 197 2839 2
222 2811 265 2839 In
290 2810 440 2839 subsidiis
466 2810 596 2839 triarios
624 2810 803 2846 constitnit]

851 2390 1068 2420 Mutationem
1086 2392 1247 2429 quandam
1271 2392 1303 2421 in
1325 2392 1450 2431 legione
1473 2403 1519 2423 or-

851 2432 991 2462 dinanda
1021 2443 1106 2462 nunc
1137 2433 1254 2462 factam
1285 2434 1381 2464 fnisse
1410 2436 1519 2465 admo-

851 2474 927 2503 dum
942 2474 1109 2504 verisimile
1119 2479 1176 2505 est.
1193 2476 1233 2506 cf.
1243 2475 1313 2506 infr.
1323 2486 1372 2515 33.
1385 2476 1519 2507 Niebhr.

851 2515 894 2546 iii.
912 2527 942 2546 n.
961 2516 1031 2546 826.

903 2566 920 2595 3
954 2558 1124 2588 Celtiberos
1160 2559 1195 2588 in
1231 2561 1363 2590 mediam
1401 2562 1516 2599 aciem]

852 2599 1128 2638 Praepositienem
1164 2602 1200 2631 in
1229 2606 1359 2631 auctore
1394 2603 1517 2633 Grono-

854 2641 902 2670 vio
929 2641 1049 2671 delevit
1077 2642 1216 2673 Bekker.
1245 2644 1424 2674 volentibus
1451 2646 1520 2683 plu-

852 2683 937 2713 ribus
954 2684 1045 2714 codd.
1063 2685 1118 2713 sed
1134 2684 1223 2714 illam
1244 2687 1431 2716 servandam
1450 2698 1520 2717 een-

851 2729 921 2754 sent
944 2725 1083 2756 Crevier.
1106 2730 1135 2755 et
1159 2727 1324 2758 Drakenb.
1341 2733 1454 2767 utpote
1475 2730 1520 2759 in-

850 2770 1027 2805 terceptam
1055 2777 1073 2797 a
1104 2767 1206 2806 prima
1239 2769 1331 2799 litera
1359 2770 1442 2801 vocis
1476 2782 1520 2801 se-

852 2809 989 2847 quentis.
