1877 3178
362 121 444 159 290
867 117 1012 159 TITI
1054 117 1230 160 LIVII

161 219 205 251 U.
221 220 259 251 C.
280 230 350 259 541·
363 208 525 265 copiam
552 223 650 258 esse,
673 216 719 249 ut
745 224 829 250 una
858 218 979 250 nocte
1008 209 1139 250 traiici
1160 216 1297 264 posset
1323 208 1541 258 exercitus,
1563 207 1731 249 allatum

158 262 199 294 A
222 263 260 294 (3·
282 272 352 294 21¹·
365 275 439 315 est,
466 266 626 307 cibariis
655 266 800 307 decem
826 266 985 307 dierum
1015 266 1276 330 praeparatis,
1306 266 1503 306 deductas
1529 274 1649 306 nocte
1680 264 1733 305 ad

366 323 538 364 fiuvium
558 323 741 379 legiones
761 334 855 364 ante
877 323 1010 364 lucem
1033 323 1201 364 traiecit.

237 389 275 426 8,
424 380 475 420 Id
490 395 538 435 pl
540 395 729 435 iusquam
746 381 873 429 fier,et
888 381 918 420 it
923 396 946 420 a
960 381 1071 420 futur
1076 395 1144 420 um
1161 388 1417 436 compertum
1434 395 1486 420 ex
1503 378 1732 434 transfugis,
1747 392 1767 420 4

368 437 537 478 Fulvius
577 437 745 478 Flaccus
780 437 939 478 senatui
977 437 1153 478 Romam
1189 452 1316 492 quum
1357 436 1592 492 scripsisset,
1625 436 1734 477 varie

368 494 585 535 hominum
605 494 731 535 animi
758 510 832 550 pro
857 495 1055 549 cuiusque
1081 495 1249 550 ingenio
1274 494 1409 535 affecti
1436 502 1542 534 sunt.
1604 492 1702 533 Ut
1692 507 1737 532 111

368 567 413 592 re
441 561 524 592 tam
553 552 724 607 trepida,
754 561 898 592 senatu
923 529 1151 607 extemplo&
1157 560 1312 600 vocato,
1342 551 1388 592 P.
1411 550 1644 599 Cornelius,
1669 548 1737 590 cui

370 607 526 649 Asinae
554 623 784 664 cognomen
814 618 912 657 erat,
938 623 1080 649 omnes
1105 609 1231 649 duces
1259 609 1545 663 exercitusque
1572 623 1623 648 ex
1651 614 1738 647 tota

371 665 502 714 Italia,
531 681 667 720 neque
692 665 873 721 Capuae,
900 681 1036 720 neque
1062 665 1184 706 ullius
1209 665 1373 706 alterius
1400 666 1459 706 rei
1487 679 1655 713 memor,
1685 662 1739 704 ad

370 723 481 763 urbis
511 722 758 777 praesidium
791 723 1016 763 rexocabat.
1079 723 1228 763 Fabius
1264 722 1488 771 Maximus,
1520 721 1684 762 abscedi
1715 735 1740 761 a

374 778 531 835 Capua,
555 779 779 834 terrerique
796 789 838 820 et
859 780 1080 833 circumagi
1102 780 1153 820 ad
1174 788 1299 820 nutus
1315 780 1737 833 comminationesque

372 836 630 886 Hannibalis,
661 837 907 891 flagitiosum
938 837 1123 877 ducebat.
1188 843 1198 860 ‘
1216 837 1301 885 Qui
1332 837 1384 877 ad
1415 837 1582 877 Cannas
1610 836 1741 876 victor

373 893 457 933 ‘ire
480 902 617 934 tamen
639 893 690 933 ad
712 894 856 934 urbem
878 909 998 934 ausus
1018 908 1102 934 non
1124 903 1239 942 esset,
1263 909 1370 943 eum,
1389 909 1412 934 a
1435 893 1582 949 Capua
1602 891 1740 948 repul-

372 955 500 999 ‘sum,
523 965 636 1005 spem
665 951 889 1005 potiundae
911 951 1022 991 urbis
1046 951 1202 991 Romae
1228 951 1415 1006 cepisse?
1447 950 1546 991 Non
1574 950 1625 990 ad
1653 950 1739 990 Ro-

373 1012 384 1030 ‘
401 1022 508 1046 mam
530 1006 811 1055 obsidendam,
834 1007 906 1047 sed
927 1007 978 1048 ad
1002 1007 1170 1063 Capuae
1192 1008 1446 1048 liberandam
1467 1007 1737 1055 obsidionem,
1752 1017 1770 1046 5

373 1069 384 1086 ‘
400 1063 469 1103 ire.
524 1063 701 1103 Romam
723 1079 815 1104 cum
838 1079 887 1104 eo
904 1064 1101 1113 exercitu,
1120 1065 1191 1119 qui
1212 1065 1265 1105 ad
1281 1065 1425 1105 urbem
1446 1073 1564 1113 esset,
1582 1063 1737 1111 Iovem,

373 1120 610 1160 ‘foederum
642 1128 855 1175 ruptorum
887 1121 936 1161 ab
970 1120 1204 1161 Hannibale
1236 1130 1395 1170 testem,
1427 1122 1608 1176 deosque
1640 1120 1740 1161 alios

373 1183 385 1200 ‘
401 1176 638 1217 defensuros
658 1177 771 1218 esse.’
830 1177 918 1218 Has
938 1177 1116 1218 diversas
1137 1178 1359 1218 sententias
1380 1179 1516 1218 media
1536 1177 1740 1218 sententia

372 1234 418 1275 P.
436 1234 592 1275 Valerii
614 1233 748 1274 Flacci
764 1234 883 1275 vicit:
917 1235 1002 1289 qui,
1020 1235 1233 1290 utriusque
1254 1235 1313 1275 rei
1334 1250 1503 1284 memor,
1521 1235 1739 1288 imperato·
1752 1237 1772 1270 6

372 1292 495 1340 ribus,
523 1291 594 1346 qui
626 1291 678 1332 ad
712 1290 900 1347 Capuam
930 1300 1077 1340 essent,
1104 1292 1366 1333 scribendum
1394 1292 1565 1340 censuit,
1597 1297 1609 1315 ‘
1625 1290 1741 1339 Quid

374 1349 453 1388 ‘ad
475 1349 619 1389 urbem
641 1349 833 1404 praesidii
855 1358 983 1397 05501;
1017 1358 1189 1404 quantas
1211 1359 1348 1390 autem
1371 1348 1583 1390 Hannibal
1603 1347 1741 1404 copias

374 1406 579 1455 ‘ducer,et
601 1413 672 1446 aut
692 1414 847 1470 quanto
868 1406 1052 1446 exercitu
1073 1407 1123 1447 ad
1144 1406 1196 1447 C
1184 1422 1332 1462 apuam
1353 1406 1618 1447 obsidendam
1638 1419 1741 1461 opus

375 1468 387 1485 ‘
402 1471 520 1511 05501,
538 1463 646 1518 ipsos
660 1465 773 1503 scire.
838 1462 879 1504 Si
897 1471 939 1504 et
957 1463 1133 1504 Romam
1151 1479 1173 1504 e
1190 1464 1365 1504 ducibus
1386 1463 1499 1512 alter,
1522 1472 1563 1504 et
1583 1477 1742 1503 exerei—

375 1525 467 1559 ‘tus
496 1534 588 1574 pars
614 1519 718 1560 mitti
752 1528 899 1574 posset,
930 1529 976 1560 ut
1005 1521 1056 1561 ab
1086 1521 1245 1576 reliquo
1276 1530 1318 1561 et
1348 1521 1452 1561 duce
1484 1529 1526 1561 et
1555 1520 1741 1561 exercitu

374 1575 547 1630 ‘Capua
576 1584 685 1616 recte
711 1577 988 1625 obsideretur,
1021 1578 1129 1618 inter
1155 1593 1197 1618 se
1225 1587 1509 1634 compararent
1540 1577 1741 1618 Claudius

375 1638 386 1656 ‘
403 1632 667 1688 Fulviusque,
697 1634 778 1673 utri
803 1634 1028 1674 obsidenda
1056 1634 1214 1689 Capua,
1243 1635 1337 1684 utri,
1363 1635 1415 1675 ad
1442 1634 1741 1690 prohibendam

376 1690 613 1730 ‘obsidione
626 1690 812 1745 patriam,
830 1690 1006 1731 Romam
1020 1691 1275 1732 veniundum
1289 1693 1419 1732 esset.'
1449 1691 1544 1732 Hoc
1557 1700 1743 1732 senatus-

375 1747 562 1788 consulto
586 1746 772 1802 Capuam
789 1747 958 1802 perlato,
980 1748 1031 1794 Q.
1048 1747 1215 1788 Fulvius
1236 1748 1468 1803 proconsul,
1483 1749 1562 1797 cui,
1585 1748 1742 1804 collega

375 1819 427 1845 ex
448 1804 616 1844 vulnere
637 1819 771 1858 aegro,
789 1804 972 1844 eundum
995 1804 1171 1844 Romam
1188 1813 1285 1852 erat,
1304 1820 1325 1845 0
1347 1805 1476 1845 tribus
1493 1806 1740 1845 exercitibus

375 1860 504 1902 milite
532 1861 675 1909 electo,
685 1837 757 1900 ὃ1111
786 1861 1024 1915 quindecim
1052 1861 1180 1902 millia
1203 1861 1403 1916 peditum,
1426 1861 1537 1902 mille
1565 1862 1738 1916 equites,

373 1918 632 1959 Vulturnum
659 1918 845 1958 traducit.
907 1917 1011 1959 Inde
1040 1933 1168 1974 quum
1198 1917 1476 1959 Hannibalem
1505 1918 1656 1959 Latina
1674 1919 1741 1960 via

373 1975 527 2015 iturum
549 1975 644 2015 satis
665 1975 939 2030 comperisset,
961 1975 1047 2030 ipse
1068 1990 1142 2031 per
1162 1976 1325 2030 Appiae
1353 1975 1589 2030 municipia,
1613 1991 1740 2030 quae-

374 2047 457 2087 que
488 2040 656 2096 propter
689 2047 780 2072 cam
815 2032 923 2072 viam
954 2041 1062 2081 sunt,
1099 2032 1266 2081 Setiam,
1303 2032 1469 2081 Coram,
1503 2032 1739 2073 Lanuvium

374 2089 595 2144 praemisit,
617 2097 664 2129 ut
684 2099 935 2129 commeatus
962 2097 1122 2144 paratos
1143 2098 1184 2130 et
1204 2089 1247 2130 in
1268 2089 1436 2130 urbibus
1464 2089 1675 2139 haberent,
1697 2098 1739 2130 01

373 2160 426 2186 ex
456 2147 561 2201 agris
590 2145 758 2186 deviis
748 2161 792 2185 m
821 2146 928 2186 viam
958 2146 1198 2202 proferrent,
1230 2146 1514 2211 praesidiaque
1544 2147 1588 2187 in
1618 2147 1739 2188 urbes

373 2203 676 2253 contraherent
698 2210 745 2243 ut
764 2218 837 2244 sua
857 2203 1006 2258 cuique
1028 2203 1287 2259 respublica
1277 2219 1321 2244 111
1341 2219 1467 2244 manu
1487 2206 1768 2246 05501.7

165 496 281 527 Variae
295 496 327 527 in

162 543 274 569 senatu

162 582 348 613 sententiae.

167 1694 301 1726 Fulvius
315 1705 333 1724 a

168 1738 282 1777 Capua
299 1738 363 1767 Ro-

167 1790 253 1809 mam
269 1790 338 1810 evo-

167 1825 267 1853 catur.

416 2396 435 2423 4
460 2386 499 2415 Id
511 2408 519 2415 .
536 2408 543 2415 .
562 2408 569 2415 .
584 2389 773 2424 compertum.
789 2395 827 2415 em
847 2386 1035 2424 transfuyis‚

376 2429 511 2457 Fulvius
536 2429 670 2457 Flaccus
697 2428 823 2457 senatui
849 2450 857 2458 .
877 2450 884 2458 .
904 2451 911 2458 .
938 2439 1034 2467 quum

374 2471 563 2509 scripsisset]
595 2469 747 2508 Polybius
761 2469 793 2498 in
809 2473 876 2499 tota
892 2469 951 2499 hac
967 2480 1033 2499 nar-

375 2512 506 2547 ratione,
522 2521 602 2550 quae
626 2512 706 2541 libro
729 2511 796 2541 eius
819 2521 866 2541 lx.
889 2511 1035 2549 habetur,

375 2554 513 2583 multum
542 2564 561 2583 a
585 2553 675 2584 Livio
702 2553 869 2592 discrepat.
919 2553 1035 2593 Neque

376 2596 459 2624 enim
476 2596 639 2626 Romanos
661 2599 734 2625 ante
755 2595 943 2634 comperisse
962 2607 1034 2626 con-

377 2637 480 2666 silium
498 2637 690 2667 Hannibalis
710 2638 827 2674 scribit,
842 2648 936 2676 quam
954 2639 1033 2668 Poe-

378 2688 435 2707 nus
460 2682 488 2708 tr
489 2680 590 2709 riecto
614 2680 769 2710 Anienem
797 2680 935 2710 exercitu
959 2691 1034 2719 qua-

378 2720 520 2758 draginta
534 2721 642 2751 stadiis
661 2723 700 2751 ab
716 2723 793 2752 urbe
809 2726 909 2752 castra
925 2733 1034 2761 posue-

376 2760 426 2790 rit.
470 2762 553 2791 'lum
575 2764 653 2793 nihil
669 2764 797 2794 omnino
813 2764 889 2794 dicit
904 2765 944 2794 de
960 2765 1034 2794 Ful-

378 2802 428 2831 vio
451 2813 469 2831 1
492 2804 604 2841 Capua
626 2809 782 2836 revocato.
826 2807 964 2836 Romam
983 2807 1033 2837 de-

379 2843 473 2882 nique
495 2854 514 2874 a
536 2846 716 2877 consulibus
738 2857 775 2877 eo
797 2848 863 2878 solo
883 2848 1035 2885 exercitii,

1078 2385 1131 2424 qui
1152 2386 1193 2415 ad
1216 2386 1325 2416 urbem
1349 2389 1440 2423 esset,
1459 2386 1620 2418 defensam
1643 2386 1738 2419 fuisse

1077 2432 1242 2458 memorat.
1284 2429 1396 2459 Utrius
1411 2429 1514 2468 potior
1525 2429 1565 2459 sit
1577 2430 1665 2467 fides,
1677 2431 1737 2460 Po-

1079 2469 1155 2509 lybii
1178 2480 1218 2500 an
1235 2470 1330 2507 Livii,
1344 2481 1407 2501 non
1423 2471 1630 2502 decernimus.
1674 2472 1737 2503 Sed

1078 2521 1131 2542 eos
1156 2512 1188 2542 in
1214 2522 1247 2542 re
1272 2516 1338 2542 tam
1362 2514 1447 2543 clara
1468 2517 1597 2552 tamque
1623 2514 1737 2544 illustri

1078 2558 1242 2593 tantopere
1265 2555 1427 2586 dissentire
1454 2556 1656 2587 vehementer
1680 2555 1737 2586 mi-

1076 2606 1192 2626 ramur.
1215 2597 1319 2627 Cnssv.

1124 2647 1141 2678 5
1164 2639 1374 2669 Libermzdam
1402 2641 1603 2678 obsidionem]
1646 2639 1736 2671 Simi-

1079 2681 1143 2710 lem
1166 2681 1359 2711 locutionem
1384 2683 1470 2722 apud
1498 2687 1640 2712 nostrum
1665 2681 1736 2712 infr.

1078 2733 1186 2753 xxxvl.
1204 2733 1252 2762 25·
1268 2734 1417 2755 invenies.

1120 2764 1139 2795 6
1158 2766 1329 2805 Utriusque
1340 2768 1403 2804 rei]
1417 2767 1459 2796 Et
1475 2765 1663 2796 obsidendae
1675 2764 1736 2796 Ca-

1078 2817 1161 2846 puae
1177 2810 1208 2836 et
1224 2808 1440 2838 defendendae
1455 2808 1590 2839 Romae.

1127 2856 1142 2886 7
1170 2850 1212 2879 Ut
1235 2859 1295 2879 sua
1319 2851 1433 2889 cuique
1460 2850 1653 2888 respublica]
1687 2849 1735 2879 Ut
