1871 3178
304 322 382 382 T.
450 321 714 382 LlVll
792 319 1305 382 l‘ATAVINl

487 511 828 563 LIBER
896 510 1121 562 XXIX.

204 840 384 890 CIPIO,
407 849 627 896 postquam
648 840 693 880 iu
717 838 901 880 Siciliam
924 838 1050 887 veuit,
1073 838 1327 879 voluntarios
1349 837 1501 878 milites
1521 847 1561 878 U.
1579 848 1617 878 C.
1640 855 1711 886 547·

229 898 436 939 ordinavit
456 897 813 951 centuriavitque:
847 911 899 936 ex
922 896 970 935 iis
994 904 1200 936 trecentos
1222 895 1405 943 iuvenes,
1428 891 1556 936 fl0,A.
1580 891 1618 921 C·
1640 898 1711 928 ²05·

113 964 252 996 rentes
282 964 416 996 aetate
448 964 490 995 et
518 955 668 994 virium
701 954 861 1001 robore,
888 953 1066 993 inermes
1099 952 1207 992 circa
1234 967 1276 992 se
1309 952 1500 1000 habebat,

115 1012 365 1067 ignorantes,
384 1027 510 1067 quem
533 1011 585 1051 ad
608 1025 741 1059 usum,
764 1025 901 1064 neque
923 1009 1156 1056 centuriati,
1180 1024 1317 1063 neque
1340 1008 1499 1056 armati,

114 1078 386 1110 servarentur.
450 1068 562 1108 Tum
605 1083 657 1107 ex
699 1067 826 1106 totius
871 1066 1034 1106 Siciliae
1082 1065 1289 1105 iuniorum
1327 1079 1500 1105 numero
1515 1071 1682 1119 Trecentis

114 1125 323 1181 principes
344 1140 496 1181 genere
519 1133 560 1164 et
580 1124 745 1164 fortuna
767 1131 973 1163 trecentos
994 1122 1169 1176 equites,
1193 1122 1262 1176 qui
1294 1137 1434 1162 secum
1458 1121 1498 1161 iu
1515 1115 1675 1185 2‘.¹{¹¹‘1{¹’¹;{

116 1182 303 1223 Africam
326 1182 574 1228 traiicereut,
600 1180 720 1235 legit:
745 1180 942 1234 diemque
965 1179 1026 1227 iis,
1049 1194 1132 1233 qua
1153 1178 1270 1232 equis
1292 1178 1499 1232 armisque
1515 1166 1711 1235 {ssssffjlgquil‘

87 1247 91 1249 ’
116 1238 307 1279 instructi
336 1248 460 1293 atque
488 1238 621 1278 ornati
650 1237 855 1284 adessent,
878 1236 1021 1276 edixit.
1087 1235 1235 1275 Gravis
1263 1250 1312 1275 ca
1338 1234 1499 1283 militia,
1515 1239 1689 1286 tes-substi-

115 1295 261 1351 procul
283 1295 420 1343 domo,
445 1303 553 1334 terra
573 1294 759 1348 marique
783 1292 934 1333 multos
956 1292 1128 1340 labores,
1147 1307 1297 1346 magua
1317 1286 1586 1346 periculatuu.

116 1351 290 1393 allatura
310 1352 554 1399 videbatur3
588 1366 725 1405 neque
752 1350 861 1404 ipsos
883 1349 1019 1397 modo,
1042 1348 1115 1389 sed
1136 1358 1328 1404 parentes
1350 1363 1503 1402 cogua-

118 1417 264 1464 tosque
286 1424 429 1449 eorum
457 1423 506 1448 ca
531 1422 629 1448 cura
653 1407 842 1461 angebat.
907 1405 993 1446 Ubi
1015 1405 1116 1453 dics,
1140 1421 1246 1460 quae
1269 1405 1380 1445 dicta
1401 1414 1501 1453 erat,

117 1465 298 1514 advenit,
336 1481 449 1505 arma
479 1480 693 1519 equosque
725 1463 1008 1504 ostenderunt.
1071 1462 1183 1502 Tum
1221 1462 1373 1517 Scipio,
1413 1467 1423 1484 ⁶
1440 1476 1503 1501 re-

119 1522 330 1562 ‘nuntiari
365 1522 469 1570 sibi,'
499 1521 619 1570 dixit,
665 1520 893 1575 ‘quosdam
929 1519 1092 1574 equites
1132 1518 1380 1567 Siculorum,
1414 1527 1504 1558 tan-

121 1584 133 1602 ‘
148 1594 274 1634 quam
295 1594 471 1633 gravem
485 1587 527 1618 et
547 1578 707 1626 duram,
731 1577 896 1617 horrere
919 1591 1010 1616 eam
1034 1575 1235 1615 militiam.
1287 1574 1331 1615 Si
1353 1575 1425 1629 qui
1447 1574 1505 1614 ita

120 1641 132 1659 ‘
149 1636 321 1676 animati
345 1643 495 1683 essent,
518 1634 640 1674 malle
669 1650 738 1674 cos
766 1634 843 1673 sibi
872 1633 953 1672 iam
980 1641 1068 1672 tum
1090 1632 1221 1679 fateri,
1245 1646 1370 1686 quain
1392 1639 1505 1685 post-

121 1691 273 1733 ‘modo
295 1700 528 1747 querentes,
551 1706 698 1746 segnes
727 1699 851 1744 atque
877 1688 1045 1729 inutiles
1073 1689 1225 1728 milites
1252 1687 1504 1743 reipublicae

121 1754 133 1773 ‘
148 1764 248 1789 esse.
313 1749 634 1803 Expromerent,
658 1747 761 1802 quid
788 1746 1015 1786 sentirent:
1050 1760 1145 1786 cum
1177 1745 1286 1785 bona
1313 1744 1435 1784 venia
1462 1759 1504 1784 se

121 1811 133 1830 ‘
148 1805 416 1846 auditurum?
476 1805 562 1845 Ubi
585 1819 637 1844 ex
658 1804 722 1844 his
750 1818 858 1844 unus
882 1817 1005 1843 ausus
1029 1811 1091 1842 est
1112 1801 1263 1850 dicere,
1299 1807 1309 1824 ‘
1325 1817 1366 1841 se
1390 1815 1506 1855 pror-

121 1868 229 1911 ‘sus,
261 1863 294 1903 si
330 1862 421 1911 sibi,
454 1870 593 1902 utrum
624 1861 737 1909 velit,
770 1860 946 1900 liberum
983 1868 1102 1907 esset,
1134 1858 1245 1898 nolle
1282 1857 1506 1905 militare3'

120 1927 210 1960 tum
235 1919 374 1974 Scipio
395 1919 446 1967 ei,
483 1924 493 1942 ⁶
513 1917 726 1965 Quoniam
755 1916 893 1971 igitur,
916 1915 1170 1963 adolescens,
1193 1914 1296 1968 quid
1317 1914 1504 1961 sentires,

121 1981 134 2001 ‘
149 1991 235 2016 non
271 1974 549 2022 dissimulasti,
587 1973 786 2013 vicarium
824 1972 898 2012 tibi
934 1971 1170 2024 expediam,
1208 1971 1275 2010 cui
1313 1978 1357 2010 tu
1394 1984 1507 2009 arma

122 2037 134 2056 ‘
150 2046 391 2086 equumque
413 2039 454 2070 et
476 2039 613 2069 cetera
637 2029 914 2068 instrumenta
938 2027 1109 2066 militiae
1133 2026 1280 2074 tradas,
1304 2034 1346 2065 et
1367 2034 1506 2065 tecum

94 2099 106 2121 1
124 2087 249 2128 ‘hine
280 2086 492 2141 extemplo
523 2086 695 2126 domum
725 2085 863 2132 ducas,
891 2098 1095 2131 exel'ceaS,
1118 2082 1356 2123 docendum
1389 2096 1507 2121 eures

124 2151 260 2200 ‘equo
282 2143 514 2198 armisque?
574 2142 707 2182 Laeto
736 2140 1020 2181 conditionem
1049 2139 1270 2194 accipienti
1297 2153 1426 2178 unum
1454 2153 1506 2178 ex

122 2201 331 2249 trecentis,
369 2215 473 2255 quos
508 2199 688 2239 inermes
721 2198 911 2245 habebat,
946 2196 1082 2237 tradit.
1147 2195 1234 2235 Ubi
1266 2195 1345 2235 hoc
1382 2194 1507 2235 modo

93 2265 438 2299 2exauctoratum
465 2256 652 2311 equitem
680 2270 775 2295 cum
802 2255 935 2310 gratia
963 2252 1222 2309 imperatoris
1244 2252 1370 2293 ceteri
1392 2251 1507 2291 vide-

123 2323 235 2363 runt,
261 2329 303 2354 se
331 2313 508 2368 quisque
538 2327 749 2361 excusare,
776 2320 817 2352 et
843 2311 1043 2351 vicarium
1073 2310 1272 2364 accipere.
1335 2308 1399 2347 Ita
1427 2317 1508 2347 tre-

125 2371 257 2412 centis
305 2369 453 2410 Siculis
494 2369 676 2409 Romani
726 2368 888 2422 equites
937 2366 1161 2414 substituti,
1203 2365 1291 2405 sine
1342 2363 1509 2419 publica

124 2428 323 2482 impensa.
386 2425 686 2466 Docendorum
715 2433 839 2479 atque
862 2423 1191 2464 exercendorum
1213 2435 1354 2461 curam
1380 2419 1509 2460 Siculi

125 2484 385 2524 habuerunt:
420 2482 519 2537 quia
551 2482 735 2521 edictum
768 2480 1026 2534 imperatoris
1059 2487 1158 2526 erat,
1190 2478 1326 2532 ipsum
1358 2476 1510 2516 milita-

127 2549 281 2588 turum,
304 2538 377 2593 qui
397 2538 456 2578 ita
474 2553 560 2578 non
581 2537 753 2577 fecisset.
817 2535 1039 2590 Egregium
1060 2535 1168 2574 hanc
1190 2534 1296 2574 alam
1318 2533 1509 2588 equitum

128 2595 300 2637 evasisse
322 2595 473 2643 ferunt,
496 2593 720 2648 multisque
742 2592 909 2647 proeliis
929 2591 1229 2646 rempublicam
1250 2589 1466 2630 adiuvisse.

175 2720 186 2740 1
213 2710 398 2740 Docendum
415 2719 506 2740 cures
524 2719 602 2748 equo
618 2709 793 2748 armisque]
886 2717 901 2736 2
927 2708 1007 2737 Cum
1025 2708 1134 2746 qratia
1156 2708 1372 2746 imperatoris]
1400 2707 1452 2736 Ita
1477 2710 1512 2736 ut

130 2752 284 2783 Similiter
298 2753 421 2790 fidibus
439 2752 547 2782 docere
568 2754 599 2780 et
610 2751 735 2789 fidibus
751 2751 796 2780 ‹Ii-
842 2749 1051 2780 nihilomiuus
1077 2749 1261 2789 imperatori
1288 2753 1395 2789 gratus
1419 2752 1510 2779 esset.

129 2805 214 2827 scere
229 2794 316 2833 apud
332 2793 521 2825 Ciceronem
535 2793 700 2822 habemus.
842 2792 946 2823 Cam.
