1871 3178
455 107 580 149 LIB.
617 107 787 148 XXIII.
835 107 979 148 (lAl'.
1019 113 1080 148 18.
1387 113 1455 149 l-ll

76 195 210 237 moliri
232 204 369 252 portas
390 205 432 238 et
452 197 630 238 claustra
650 197 874 251 restingere
907 204 1046 251 parat:
1081 210 1226 250 quum,
1250 197 1462 250 patefactis
1481 206 1521 236 Γ.
1539 206 1575 235 (“.
1601 204 1671 242 53⁶-

75 262 246 308 repente
270 255 409 308 portis)
433 255 623 295 cohortes
644 255 765 301 duae,
789 253 841 293 ad
868 253 909 293 id
934 253 1067 308 ipsum
1093 252 1314 291 instructa<-
1340 253 1460 297 intus,
1478 249 1515 278 Α·
1540 250 1577 278 C·
1605 248 1672 277 ²¹⁶·

75 310 235 364 ingenti
250 326 344 350 cmn
364 311 545 351 tumultu
560 319 798 366 erumpunt,
817 320 1079 364 stragemque
1094 309 1274 348 hostium
1294 309 1460 349 faciunt.

76 366 142 407 Ita
166 368 309 422 primis
340 368 526 423 repulsis,
551 367 782 415 Maharbal,
807 382 900 406 cum
928 367 1082 406 maiore
1116 366 1260 405 robore
1284 365 1460 405 virorum

76 424 236 471 missus,
252 440 329 465 nec
346 425 429 479 ipsc
448 425 709 480 eruptionem
727 424 960 464 cohortium
979 423 1185 463 sustinuit.
1250 422 1464 462 Postremo

78 479 306 529 Hannibal,
331 482 471 522 eastris
493 490 588 521 ante
612 482 699 536 ipsa
716 481 880 521 moenia
897 480 1108 535 oppositis,
1127 494 1295 533 parvam
1318 479 1463 518 urbem

77 552 335 593 parvumque
359 538 610 593 praesidium
633 553 794 577 summa
814 537 854 577 vi
877 546 1001 591 atque
1026 537 1219 577 omnibus
1241 535 1370 590 copiis·
1392 551 1465 590 op-

78 609 264 649 pugnare
283 604 408 649 parat.
473 595 551 643 Ac,
566 594 667 635 dum
687 595 811 634 instat
833 593 1092 648 lacessitque,
1108 608 1261 633 corona
1278 592 1463 646 undique

78 651 344 692 circumdatis
384 652 614 700 moenibus,
650 651 809 706 aliquot
849 651 1001 691 milites
1037 658 1079 691 et
1111 649 1465 705 promptissimum

47 723 303 763 4quemque,
327 724 348 748 e
378 724 496 748 muro
526 709 790 763 turribusque
823 708 937 755 ictos,
961 708 1107 748 ainisit.
1193 706 1331 747 Semel
1360 706 1466 746 ultro

79 774 346 820 erumpentes
360 765 523 819 agmine
538 765 855 820 elephantorum
873 765 1064 820 opposito
1078 779 1206 819 prope
1222 763 1464 810 interclusit,

81 822 347 877 trepidosque
380 822 581 877 compulit
611 823 652 862 in
690 823 847 870 urbem,
881 822 976 862 satis
1005 821 1159 868 multis,
1192 830 1238 860 ut
1269 835 1320 860 ex
1355 829 1468 859 tanta

79 879 302 934 paucitate,
335 879 574 919 interfectis.
648 879 795 919 Plures
826 879 1086 927 cecidissent,
1119 878 1162 917 ni
1194 892 1277 917 nox
1310 876 1467 932 proelio

80 935 381 976 intervenisset.
444 936 616 977 Postero
638 935 705 976 die
721 936 907 976 omnium
923 935 1050 976 animi
1064 935 1117 975 ad
1138 934 1467 989 oppugnandum

81 992 391 1041 accenduntur3
424 993 569 1047 utique
586 1001 807 1048 postquam
828 1007 981 1033 corona
994 1007 1119 1032 aurea
1135 992 1301 1031 muralis
1318 1006 1469 1045 propo-

81 1049 160 1090 sita
190 1057 263 1097 est,
286 1058 411 1104 atque
441 1050 528 1105 ipse
557 1050 643 1090 dux
673 1049 841 1097 castelli,
868 1049 993 1105 plano
1022 1049 1112 1089 loco
1138 1049 1274 1103 positi,
1298 1062 1468 1101 segnem

82 1106 438 1161 oppugnationem
463 1106 637 1161 Sagunti
667 1107 1022 1161 expugnatoribus
1043 1106 1330 1160 exprobrabat,
1356 1104 1470 1143 Can-

82 1177 231 1203 narum
254 1163 292 1203 T
295 1163 572 1218 rasimenique
595 1173 637 1204 et
652 1163 830 1203 Trebiae
853 1163 1036 1216 singulos
1057 1162 1286 1202 admonens
1304 1160 1470 1200 univcr-

83 1234 244 1274 sosque.
308 1219 412 1259 lude
429 1220 574 1260 vineae
597 1235 764 1274 quoque
788 1229 958 1274 coeptae
981 1219 1045 1273 agi
1067 1218 1357 1272 euniculirpm:
1392 1232 1470 1256 nee

53 1288 70 1320 5
85 1276 138 1316 ad
153 1276 286 1316 varios
299 1285 471 1316 conatus
485 1276 667 1316 hostium
689 1285 760 1316 aut
776 1276 836 1316 vis
858 1276 953 1324 ulla,
969 1285 1040 1316 aut
1056 1291 1119 1315 ars
1140 1275 1293 1315 deerat.
1359 1273 1470 1313 Socii

86 1333 374 1373 Romanorum
403 1333 714 1388 propugnacula
739 1333 932 1373 adversus
953 1333 1093 1372 vincas
1124 1341 1316 1379 statuere,
1340 1339 1470 1370 trans-

85 1389 211 1430 versis
232 1389 434 1430 cuniculis
451 1389 631 1430 hostium
646 1389 860 1430 cuniculos
881 1390 1085 1444 excipere,
1101 1397 1142 1428 et
1158 1388 1293 1442 palam
1308 1396 1349 1427 et
1366 1387 1471 1426 clam

86 1446 243 1501 coeptis
279 1446 442 1486 obviam
476 1447 558 1495 ire;
601 1447 735 1487 donce
770 1446 907 1501 pudor
939 1446 1064 1486 etiam
1104 1444 1384 1484 Hannibalern
1421 1443 1472 1483 ab
1489 1453 1652 1500 hannibal

55 1509 75 1541 6
87 1504 254 1558 incepto
271 1503 419 1544 avertit
435 1519 444 1543 ε
478 1503 702 1558 castrisque
717 1502 996 1550 communitis,
1012 1517 1058 1542 ac
1080 1500 1286 1556 praesidio
1309 1500 1472 1540 modico
1486 1500 1507 1566 Ξῖ
1524 1498 1670 1566 (l‘sffll'JfflJ'

86 1560 293 1615 imposito,
316 1575 368 1601 ne
391 1560 539 1600 omissa
559 1575 624 1601 res
644 1559 867 1608 videretur,
890 1559 935 1599 in
963 1559 1138 1599 hiberna
1162 1558 1353 1613 Capuam
1375 1572 1474 1597 con·
1500 1549 1517 1567 ¹¹
1547 1549 1564 1566 ¹¹
1581 1548 1676 1567 ΗΜ·

88 1617 221 1658 cessit.
247 1650 251 1655 ,

146 1673 211 1714 Ibi
227 1682 387 1729 partem
404 1675 603 1715 maiorem
616 1674 766 1715 hiemis
779 1674 1011 1715 exercitum
1028 1674 1071 1713 in
1086 1673 1205 1714 tectis
1226 1672 1385 1721 habuit,
1404 1672 1477 1712 ad-

88 1746 228 1772 versus
250 1731 390 1772 omnia
410 1731 594 1772 humana
614 1731 723 1772 mala
743 1746 864 1786 saepe
886 1747 932 1771 ac
954 1730 1028 1771 diu
1049 1730 1256 1778 duratum,
1272 1729 1391 1769 bonis
1412 1729 1478 1768 in-

89 1796 310 1844 expertum
332 1797 457 1844 atque
480 1788 703 1829 insuetum.
766 1788 928 1843 Itaque,
943 1802 1048 1843 quos
1069 1787 1185 1827 nulla
1205 1786 1302 1826 mali
1322 1786 1478 1826 vicerat

61 1845 161 1894 7vis,
183 1844 403 1900 perdidere
431 1845 562 1886 nimia
589 1846 699 1886 bona
726 1860 772 1886 ac
794 1845 1028 1900 voluptates
1055 1843 1323 1891 immodicam
1357 1852 1399 1883 et
1426 1858 1476 1883 eo

87 1901 329 1957 impensiuS,
352 1917 436 1956 quo
467 1902 628 1942 avidius
656 1917 709 1942 ex
739 1901 961 1942 insolentia
990 1902 1035 1941 in
1063 1916 1130 1941 eas
1162 1916 1203 1941 se
1233 1909 1473 1940 merserant.

92 1957 272 1999 Somnus
293 1959 419 2007 enim,
442 1968 484 1999 et
503 1959 661 2008 vinum,
684 1968 726 1999 et
747 1958 908 2014 epulae,
927 1966 969 1999 et
990 1967 1135 2006 scorta,
1158 1957 1420 2012 balineaque,
1435 1964 1477 1996 et
1490 1967 1672 2006 Cormmpi-

89 2015 234 2065 otium,
258 2015 560 2056 consuetudine
583 2016 627 2055 in
649 2015 737 2056 dies
757 2015 962 2064 blandius,
986 2015 1044 2055 ita
1065 2022 1367 2055 enervaverunt
1388 2010 1621 2068 cor-tssffjlllc

89 2087 191 2128 pora
212 2073 469 2127 animosque,
492 2081 539 2112 ut
568 2073 699 2128 magis
721 2073 875 2113 deinde
906 2071 1154 2127 praeteritae
1175 2070 1370 2110 victoriae
1393 2085 1476 2119 eos,
1490 2062 1659 2124 {iffisexer

91 2144 218 2184 quam
245 2138 483 2184 praesentes
515 2138 750 2170 tutarentur
769 2129 903 2177 vires3
941 2129 1157 2182 maiusque
1179 2127 1231 2167 ‚id
1260 2135 1478 2182 peceatum

91 2185 209 2226 ducis
230 2185 342 2241 apud
355 2186 510 2241 peritos
532 2187 683 2227 artium
699 2185 943 2226 militarium
964 2185 1198 2232 haberetur,
1217 2198 1343 2239 quam
1365 2183 1480 2238 quod

90 2257 178 2283 non
207 2257 261 2283 ex
285 2242 500 2284 Cannensi
521 2243 608 2284 acie
639 2243 829 2298 protinus
851 2242 905 2283 ad
934 2242 1082 2283 urbem
1114 2241 1351 2282 Romanam
1373 2240 1482 2280 dux-

138 2422 157 2448 4
189 2411 280 2441 Ultro
315 2413 531 2450 erumpentes]
573 2421 616 2442 se.
649 2412 762 2447 Quum
808 2411 945 2448 videtur,
956 2412 1107 2450 quoniam
1123 2413 1217 2442 verba
1232 2412 1349 2441 avertit
1365 2414 1395 2439 et
1411 2421 1481 2440 con-

95 2452 191 2482 etiam
209 2462 271 2481 non
289 2453 426 2482 lacessiti
443 2463 608 2491 erumpere
629 2453 697 2482 ausi
717 2464 763 2483 es·
809 2455 899 2483 cessit
916 2464 972 2492 per
988 2454 1180 2492 particulam
1197 2464 1257 2493 que
1274 2452 1393 2489 iuncta,
1406 2463 1482 2482 eun-

96 2497 174 2524 sent.
201 2494 298 2524 Unde
310 2504 382 2524 vero
396 2494 574 2524 Hannibali
588 2495 764 2533 elephanti,
809 2496 883 2524 dem
914 2495 1148 2524 nominativum
1179 2494 1369 2524 desiderant.
1419 2494 1482 2524 Sed

97 2536 150 2574 qui
165 2546 275 2565 omnes
287 2536 319 2565 in
332 2536 470 2574 Alpibus
485 2536 656 2574 perierant,
671 2536 764 2566 exsti·
811 2537 870 2565 hoc
889 2536 1041 2574 loquendi
1064 2547 1165 2575 genus
1184 2540 1270 2566 amat
1289 2536 1409 2566 Livius.
1442 2536 1480 2567 cf.

96 2577 192 2608 terint
209 2578 330 2616 quaerit
347 2578 466 2607 Stroth.
491 2578 530 2608 cf.
544 2587 628 2616 supr.
642 2578 719 2608 xxii.
737 2587 765 2607 2.
810 2578 841 2608 ii.
860 2577 908 2616 56.
933 2578 975 2607 iii.
995 2579 1043 2616 38.
1068 2578 1108 2608 iv.
1130 2586 1176 2616 17.

141 2628 158 2659 5
183 2622 252 2649 Aut
275 2631 328 2650 ars
351 2621 468 2650 deerat.
512 2620 595 2649 Socii
611 2621 765 2649 Romano-
856 2627 871 2657 7
894 2621 939 2649 Et
954 2630 988 2650 eo
1006 2621 1195 2658 impensius]
1223 2619 1267 2649 Et
1283 2620 1413 2658 quidem
1429 2620 1483 2649 de-

95 2663 186 2699 rum]
215 2664 284 2691 Aut
306 2672 360 2692 ars
380 2663 487 2691 deerat
505 2663 598 2691 sociis
613 2663 767 2691 Romam)-
812 2661 904 2691 liciae
920 2672 957 2691 eo
973 2661 1147 2700 impensius
1164 2662 1330 2700 perdidere
1346 2663 1483 2698 Poenos,

96 2715 180 2735 rum.
212 2705 477 2743 Propzzynacula,
491 2713 530 2733 ex
542 2703 767 2733 coniect.Gro-
811 2714 852 2733 sc.
870 2714 907 2733 eo
926 2703 1068 2741 graviore
1084 2703 1182 2733 exitio
1199 2708 1340 2733 evertere
1357 2704 1481 2734 Poeno-

97 2756 170 2776 nov.
187 2746 327 2785 reposuit
345 2746 484 2775 Bekker.
814 2756 883 2774 rum
902 2745 992 2782 vires,
1010 2756 1073 2783 quo
1094 2745 1219 2775 avidius
1237 2746 1269 2775 in
1285 2756 1338 2775 eas
1354 2756 1386 2775 se
1402 2756 1483 2775 mer-

141 2787 160 2818 6
185 2789 368 2828 Castrisque
387 2798 481 2817 comm
488 2788 602 2825 unitis]
638 2786 770 2825 Aliquid
815 2791 930 2823 serant,
944 2792 1112 2826 propterea
1124 2789 1210 2826 quod
1226 2788 1381 2818 haetenus
1393 2791 1483 2817 erant

99 2830 200 2860 scabri
223 2830 298 2860 huie
322 2829 456 2859 orationi
480 2830 582 2859 inesse
602 2830 770 2859 Drakenb.
814 2829 943 2859 illarum
960 2829 1085 2860 insueti.
