1877 3178
354 113 437 150 404
861 109 1009 150 TITI
1051 109 1226 151 LIVII

150 202 193 232 U.
212 203 249 233 C.
273 199 596 253 545.frequentes
617 213 669 240 ex
691 199 845 254 oppido
866 214 953 239 sese
970 200 1196 248 eiecerunt,
1215 206 1332 239 scuta
1351 213 1449 253 prae
1470 213 1512 239 se
1534 205 1736 246 tenenteS,

214 245 252 276 C·
275 254 346 285 ²07·
359 271 412 295 ne
435 255 516 296 tela
535 256 679 310 procul
701 256 1028 296 eoniicerentul·
1020 287 1029 304 ,
1062 256 1228 296 dextras
1249 255 1382 295 nudas
1404 262 1668 303 ostentantes,
1691 262 1738 294 ut

359 311 518 367 gladios
539 312 734 353 abiecisse
757 320 982 368 31)pal··elet.
1045 311 1095 351 Id
1117 321 1256 352 utrum
1280 326 1427 367 parum
1449 326 1501 351 ex
1522 310 1738 351 intervallo

361 369 413 408 511
443 377 725 424 conspectum,
755 384 808 409 an
839 369 958 409 dolus
991 368 1140 423 aliquis
1172 376 1385 423 suspectus
1415 367 1552 415 fuerit,
1581 367 1739 407 incom-

153 434 314 474 O1ingisa
361 434 524 480 pertun]
561 434 633 466 est.
697 425 884 480 Impetus
918 425 1078 465 hostilis
1112 425 1157 464 in
1192 425 1437 479 transfugas
1456 424 1613 463 factus:
1661 438 1739 463 nec

154 476 190 506 L.
199 477 349 516 Scipione
362 496 491 531 secus,
515 497 639 536 quam
671 482 840 522 adveisa
870 482 989 530 acies,
1020 481 1137 521 caesi,
1201 480 1446 535 Eademque
1477 487 1595 535 porta
1624 479 1741 534 signa

152 522 257 557 capta.

154 1331 190 1361 L.
205 1330 312 1369 Scipio

153 1373 234 1402 redit
250 1374 290 1403 ad

152 1414 291 1445 fratrem.

153 1837 273 1868 Classis

153 1879 249 1909 Rom.
268 1889 322 1918 po-

154 1922 284 1958 pulatur

153 1961 305 1994 Africam.

361 538 541 578 infesta
531 553 575 577 111
596 539 741 578 urbem
762 538 899 578 illata:
934 546 975 578 et
996 537 1084 577 aliis
1104 552 1178 592 p‘u
1181 537 1290 577 tibus
1310 536 1522 577 securibus
1543 535 1741 576 dolabris-

362 609 442 649 que
475 595 754 635 caedebantur
784 602 826 634 et
855 594 1186 649 refringebantm
1216 602 1372 649 portae,
1403 601 1456 641 et,
1486 601 1532 632 ut
1563 592 1739 647 quisque

362 650 585 691 intraverat
606 665 745 706 eques,
769 651 821 690 ad
841 651 975 691 feium
982 628 1287 705 Ooccupandum
1309 650 1386 704 (ita
1407 649 1519 689 enim
1543 663 1741 703 praecep-

363 715 451 746 tum
482 707 589 760 erat)
624 708 750 747 citato
786 722 894 761 equo
930 707 1139 762 pergebat.
1202 706 1411 746 Additum
1447 713 1533 745 erat
1568 715 1610 745 et
1645 705 1742 745 tria-

361 763 517 803 riorum
545 764 676 818 equiti
704 778 835 818 praesx
824 763 967 803 idium.
1029 763 1269 818 Legionarii
1297 771 1453 802 06161115
1482 769 1619 817 partes
1648 776 1742 816 per-

362 819 545 860 vadunt:
580 820 812 874 direptione
844 828 885 860 et
916 819 1041 859 caede
1073 820 1301 867 obviorum,
1332 819 1411 859 nisi
1443 818 1515 873 qui
1545 817 1668 858 armis
1698 832 1741 858 56

364 876 599 924 tuebantur,
631 876 931 916 abstinuerunt.
997 875 1361 930 Carthaginienses
1398 889 1541 915 omnes
1572 874 1618 914 in
1650 889 1742 914 cus-

363 931 518 972 todiam
541 932 627 972 dati
649 940 766 971 sunt:
798 932 1101 986 oppidanorum
1123 947 1290 986 quoque
1314 931 1487 972 trecenti
1507 931 1649 979 ferme,
1668 930 1742 985 qui

361 987 592 1028 clauserant
623 996 772 1042 portas.
838 988 1001 1027 Ceteris
1037 987 1234 1028 traditum
1266 988 1481 1042 oppidum,
1515 1002 1611 1027 suae
1647 986 1742 1027 red-

361 1043 471 1083 ditae
504 1059 579 1084 res.
645 1043 848 1083 Cecidere
882 1044 925 1083 in
959 1044 1070 1083 urbis
1101 1044 1189 1084 eius
1219 1044 1528 1099 oppugnatione
1559 1043 1742 1083 hostium

361 1099 445 1140 duo
467 1099 596 1140 millia
615 1099 770 1140 ferme:
806 1099 1092 1140 Romanorum
1114 1100 1227 1140 haud
1248 1100 1424 1154 amplius
1445 1100 1682 1154 nonaginta.

419 1156 551 1196 Laeta
581 1164 623 1196 61
652 1156 764 1211 ipsis,
792 1156 864 1211 qui
897 1171 983 1196 rem
1014 1171 1188 1211 gesseie,
1221 1157 1333 1196 iubis
1366 1156 1454 1196 eius
1486 1155 1741 1219 oppugnatio

360 1212 451 1261 fuit,
481 1220 523 1253 et
553 1213 791 1267 imperatori
821 1220 1043 1267 eeteioque
1075 1212 1302 1260 exercitui3
1336 1220 1378 1253 et
1408 1227 1640 1267 speeiosum
1669 1211 1743 1252 ad-

360 1277 533 1309 ventum
555 1284 688 1318 suum,
712 1269 927 1323 ingentem
949 1270 1112 1309 nubam
1141 1269 1397 1324 captivorum
1425 1283 1523 1324 prae
1548 1283 1590 1308 56
1617 1283 1743 1323 agen-

361 1333 434 1374 tes,
475 1326 676 1366 fecerunt.
753 1305 905 1380 Scipio,
947 1326 1181 1366 collaudato
1220 1326 1357 1375 fratre,
1400 1340 1542 1380 quum,
1585 1332 1742 1380 quanto

360 1390 523 1436 poterat
542 1383 762 1422 verborum
788 1382 958 1430 honore,
985 1381 1231 1437 Carthagini
1259 1383 1309 1423 ab
1336 1397 1378 1422 se
1408 1390 1550 1436 captae
1580 1390 1743 1436 captam

361 1439 412 1478 ab
445 1453 495 1478 eo
529 1438 707 1493 Oringin
738 1447 966 1494 aequasset,
999 1439 1097 1494 quia
1128 1447 1170 1478 et
1201 1439 1335 1479 hiems
1366 1438 1556 1486 instabat,
1588 1446 1634 1478 ut
1665 1452 1742 1478 nec

362 1490 520 1535 tentare
546 1494 699 1543 Gades,
722 1510 800 1535 1106
822 1495 1040 1535 (115160111111
1070 1495 1218 1550 passim
1247 1510 1322 1550 per
1348 1494 1601 1559 provinciam
1624 1508 1743 1534 exer-

361 1551 491 1591 citum
520 1550 793 1591 Hasdrubalis
824 1552 1049 1592 consectari
1080 1560 1231 1606 posset,
1254 1552 1298 1591 in
1326 1552 1560 1591 citeriorem
1589 1550 1743 1605 Hispa-

361 1607 474 1646 niam
507 1622 650 1647 omnes
681 1622 773 1647 suas
804 1608 942 1662 copias
972 1608 1162 1648 ieduxit.
1198 1607 1459 1663 dimissisque
1493 1607 1537 1647 in
1569 1607 1743 1647 hiberna

360 1662 606 1717 legionibus,
637 1663 685 1703 L.
709 1663 902 1718 Scipione
934 1664 1055 1704 fratre
1088 1663 1268 1704 Romam
1299 1664 1436 1727 misso,
1457 1671 1499 1704 et
1529 1663 1741 1703 Hannone

361 1696 574 1759 hostium
564 1728 825 1774 imperatore,
849 1720 1078 1774 ceteiisque
1100 1720 1308 1761 nobilibus
1329 1720 1515 1776 captivis,
1532 1720 1619 1774 ipse
1638 1719 1743 1760 Tar-

361 1790 558 1816 raconem
579 1777 791 1816 concessit.

421 1831 583 1872 Eodcm
615 1847 724 1873 anno
755 1832 892 1873 elassis
924 1833 1126 1882 Romana,
1149 1848 1244 1874 cum
1276 1833 1337 1874 M.
1358 1833 1526 1873 Valerio
1554 1832 1741 1873 Laevino

362 1888 606 1943 proconsule
637 1903 689 1929 ex
724 1888 863 1929 Sicilia
897 1889 941 1929 in
972 1890 1157 1930 Africam
1194 1890 1439 1937 transmissa,
1474 1889 1518 1929 in
1550 1888 1742 1929 Uticensi

366 1944 787 1999 Carthaginiensique
817 1960 914 2000 agro
942 1945 1022 1985 late
1050 1946 1343 2010 populationes
1360 1945 1468 1986 feeit.
1532 1944 1741 1985 Extremis

362 2001 515 2041 finibus
539 1978 948 2055 Carthaginiensium
970 2001 1078 2042 circa
1099 2003 1187 2057 ipsa
1208 2017 1373 2042 moenia
1390 2001 1540 2042 Uticae
1562 2001 1739 2055 praedae

361 2064 475 2097 actae
494 2065 611 2097 sunt.
675 2057 979 2112 Repetentibus
1004 2056 1185 2098 Siciliam
1213 2058 1351 2098 6135515
1371 2057 1532 2098 Punica
1555 2057 1741 2113 (septua-

360 2113 477 2168 ginta
516 2122 633 2153 erant
672 2113 820 2168 longae
860 2113 1006 2168 naves)
1047 2115 1236 2155 occurrit.
1299 2114 1460 2154 Decem
1500 2122 1542 2154 61
1581 2122 1741 2168 septem

361 2184 486 2209 naves
514 2184 567 2210 ex
594 2170 643 2209 iis
671 2178 814 2224 captae
843 2179 952 2219 sunt,
975 2179 1171 2234 quattuor
1200 2171 1242 2210 in
1275 2170 1357 2210 alto
1388 2184 1570 2210 mersae:
1604 2178 1742 2210 cetera

360 2225 451 2265 fusa
471 2241 517 2265 ae
537 2225 679 2280 fugata
698 2226 1027 2266 6135515.Γ61·13
1046 2227 1233 2280 marique
1254 2226 1385 2266 victor
1407 2226 1624 2266 Romanus
1644 2240 1740 2266 eum

361 2296 512 2336 magna
546 2282 679 2321 omnis
714 2282 878 2336 generis
912 2282 1066 2337 praeda
1098 2282 1360 2346 Libybaeum
1392 2282 1554 2337 repetit.
1629 2281 1770 2322 T0t02

361 2337 460 2377 111(16
492 2338 594 2377 mari
624 2337 752 2392 pulsis
782 2338 963 2378 hostium
994 2338 1179 2388 navibus,
1206 2339 1346 2393 magni
1375 2346 1628 2379 commeatus
1654 2338 1740 2379 fru-

362 2394 492 2434 menti
516 2393 694 2434 Romam
716 2395 912 2434 subvecti.

419 2449 632 2505 Principio
659 2450 824 2491 aestatis
852 2450 951 2499 eius,
977 2465 1060 2505 qua
1080 2450 1181 2492 haec
1203 2459 1299 2491 sunt
1320 2459 1446 2514 gesta,
1464 2450 1512 2491 P.
1531 2449 1739 2505 Sulpicius

362 2506 582 2559 proconsul
603 2514 645 2546 et
667 2506 833 2547 Attalus
857 2521 930 2546 rex
952 2522 1083 2561 quum
1105 2507 1308 2562 Aeginae,
1330 2507 1437 2547 sicut
1461 2514 1556 2547 ante
1579 2506 1738 2546 dictum

362 2569 435 2608 est,
469 2562 766 2611 hibernassent,
794 2563 1003 2603 Lemnum
1034 2563 1146 2612 inde,
1180 2563 1306 2604 classe
1337 2563 1490 2612 iuncta,
1522 2562 1737 2603 Romanae

404 2737 419 2755 2
447 2730 519 2760 Toto
534 2731 607 2760 inde
622 2731 720 2767 mari]
751 2732 829 2761 Tuto
849 2732 923 2762 inde
943 2733 1025 2761 mmi
1069 2731 1147 2761 sime
1171 2731 1203 2761 in
1228 2740 1295 2762 mss.
1319 2733 1568 2761 commutantur.
1594 2729 1633 2760 cf.
1650 2738 1734 2766 supr.

362 2767 392 2796 in
421 2769 491 2797 edd.
524 2770 720 2809 piincipibus
749 2773 902 2810 seriptum
929 2773 1024 2802 habe·
1069 2773 1154 2803 xxix.
1173 2782 1220 2811 32.

363 2818 432 2837 111115
488 2810 516 2837 V
522 2820 593 2838 otest
613 2817 713 2841 tutum
737 2817 767 2841 (1
789 2818 884 2842 lotum
909 2814 1024 2851 saepis-
