1809 3178
529 118 649 159 l.113.
690 119 814 160 XXI.
868 122 1011 162 (hxl’.
1049 129 1114 164 πμ.
1437 134 1488 168 31}

71 201 252 251 3nivem‚
276 212 317 243 et
340 206 528 262 prolapsa
554 208 754 248 iactandis
775 211 940 262 gnavius
972 212 1013 251 in
1040 214 1297 253 connitentlo
1321 218 1484 268 ungulis
1503 226 1528 253 Γ

99 259 266 313 penitus
298 263 631 317 perfringebant:
686 275 731 306 ut
771 267 982 322 pleraque,
1016 269 1125 309 velut
1169 271 1315 325 pedica
1351 270 1482 329 capta,
1499 269 1535 297 Α·

99 315 319 358 haererent
360 319 399 358 in
443 320 591 361 durata
629 330 671 361 et
712 323 792 364 alte
834 334 1027 366 concreta
1069 327 1212 379 glacie.
1276 328 1481 379 Tandem,
1566 329 1631 367 337.

98 374 379 429 nequicquam
413 377 608 418 iumentis
639 388 764 434 atque
797 380 1036 422 hominibus
1064 384 1255 439 fatigatis,
1279 396 1409 427 eastra
1442 389 1482 428 iu

98 429 196 484 iugo
224 432 372 486 posita,
393 435 619 489 aegerrime
651 436 703 475 ad
725 437 768 476 id
800 437 935 492 ipsum
970 439 1058 480 loeo
1087 451 1284 495 purgato:
1321 452 1480 485 tantum

66 486 203 527 4nivis
235 488 479 531 fodiendum
512 499 638 547 atque
675 495 931 547 egerendum
954 496 1042 537 fuit.
1107 497 1212 538 Inde
1249 499 1301 539 ad
1335 508 1697 556 r11penil<1¹1w³iw10

96 545 380 595 muniendam,
404 562 478 602 per
498 562 623 603 quam
647 565 771 590 unam
794 551 859 591 via
880 567 966 593 esse
990 562 1162 608 poterat,
1180 556 1330 597 milites
1352 558 1479 607 ducti,
1494 555 1633 621 ffiljfffi‘ff

65 606 224 654 Squum
248 603 508 645 caedendum
537 614 643 646 esset
671 622 830 657 saxum,
854 609 1068 651 arboribus
1093 612 1201 652 circa
1229 613 1480 656 immanibus
1601 612 1628 622 ‘⁴

93 656 265 699 deiectis
286 660 639 717 detruncatisque,
658 672 811 704 struem
837 665 1050 719 ingentem
1072 667 1280 723 lignorum
1297 671 1476 713 faciunt:

93 728 282 771 eamque,
306 732 436 772 quum
466 727 508 759 et
529 719 587 760 vis
609 721 722 761 venti
744 730 841 777 apta
864 724 1056 765 faciendo
1083 725 1169 780 igni
1191 736 1332 768 coorta
1359 739 1479 778 esset,

61 775 81 806 6
92 773 365 823 succendunt,
379 775 652 832 ardentiaque
669 793 767 819 saxa
780 779 915 821 infuso
929 790 1046 822 aceto
1061 784 1353 837 putrefaciunt.
1418 786 1481 827 Ita

63 829 289 870 7torridam
321 832 516 873 incendio
547 849 694 889 rupem
724 835 831 876 ferro
862 838 1066 892 pandunt,
1096 840 1372 897 molliuntque
1405 859 1478 884 an-

90 884 287 926 fractibus
304 889 477 930 modieis
491 890 630 940 clivos,
647 900 692 933 ut
709 907 794 933 non
809 893 995 936 iumenta
1011 896 1157 946 solum,
1173 898 1246 938 sed
1263 899 1474 955 elephanti

90 942 228 992 etiam,
251 943 403 986 deduci
425 957 604 1002 possent.
671 950 956 997 Quatriduum
982 953 1090 994 circa
1110 968 1255 1009 rupem
1283 971 1476 997 consum-

88 1006 221 1054 ptum,
258 1001 455 1043 iumentis
491 1019 620 1060 prope
656 1006 763 1047 fame
801 1008 1052 1064 absumptis:
1094 1012 1207 1052 nuda
1243 1013 1355 1053 enim
1389 1015 1473 1055 fere

88 1057 306 1098 cacumina
345 1070 454 1109 sunt,
496 1070 550 1110 et,
592 1062 624 1102 si
666 1063 769 1118 quid
810 1074 871 1105 est
918 1067 1073 1121 pabuli,
1116 1069 1299 1110 obruunt
1346 1071 1471 1111 nives

88 1111 291 1155 Inferiora
311 1116 436 1175 valles
457 1126 499 1158 et
526 1119 686 1174 apricos
707 1121 910 1175 quosdam
939 1123 1063 1163 eolles
1091 1124 1259 1173 habent,
1283 1127 1473 1182 rivosque

87 1184 216 1225 prope
245 1172 378 1221 silvas,
401 1182 443 1215 et
476 1175 557 1215 iam
592 1176 775 1217 humano
797 1178 913 1218 cultu
939 1179 1130 1233 digniora
1161 1182 1262 1222 loca.
1325 1183 1387 1223 Ibi
1412 1185 1474 1224 iu-

56 1259 74 1288 8
88 1236 230 1268 menta
243 1229 286 1268 in
307 1230 507 1284 pabulum
522 1232 656 1280 missa,
673 1242 713 1273 et
731 1234 848 1288 quies
866 1237 1094 1277 muniendo
1107 1238 1221 1278 fessis
1236 1239 1473 1281 hominibus

55 1282 185 1340 9data
206 1285 355 1326 triduo.
419 1287 524 1328 Inde
547 1289 599 1329 ad
621 1289 792 1344 planum
819 1291 1077 1342 descensum,
1101 1295 1226 1335 etiam
1250 1295 1348 1336 locis
1370 1297 1473 1337 mol-

86 1339 257 1381 lioribus
279 1351 321 1383 et
337 1344 569 1385 accolarum
593 1346 782 1399 ingeniis.

145 1396 240 1438 Hoc
275 1400 456 1441 maxime
493 1402 617 1442 modo
649 1400 697 1442 in
731 1403 895 1444 Italiam
929 1415 1177 1460 perventum
1214 1418 1287 1458 est,
1326 1411 1473 1465 quinto
1551 1413 1617 1449 38.

59 1466 69 1486 ῐ
85 1468 226 1495 mense
248 1470 271 1495 a
296 1455 552 1512 Carthagine
576 1474 694 1508 nova,
716 1468 764 1500 ut
784 1461 956 1516 quidam
977 1472 1166 1504 auctores
1191 1476 1300 1514 sunt,
1325 1467 1472 1521 quinto
1489 1466 1616 1524 Italiam
1635 1468 1679 1497 in-

84 1510 249 1553 decimo
270 1512 338 1554 die
362 1513 542 1570 Alpibus
559 1517 770 1571 superatis.
838 1519 1031 1566 Quantae
1053 1521 1197 1576 copiae
1221 1530 1472 1578 transgresso
1485 1509 1664 1582 ‘Jffifillffissffi

84 1567 128 1608 in
146 1567 309 1610 Italiam
324 1569 555 1612 Hannibali
571 1572 739 1622 fuerint,
758 1589 1025 1631 nequaquam
1043 1577 1153 1619 inter
1169 1588 1356 1621 auctores
1373 1596 1472 1621 con-

84 1633 174 1666 stat.
224 1626 310 1674 Qui
324 1627 564 1683 plurImum,
580 1638 749 1672 eentum
763 1632 893 1673 millia
906 1633 1267 1690 peditum,viginti
1282 1638 1473 1692 equitum

1536 227 1597 255 .('.
1617 236 1686 263 ᾗχι.

1561 271 1597 297 (“.
1620 272 1686 298 21⁸³.

127 1791 144 1821 3
168 1784 210 1813 In
224 1785 428 1823 connitendo]
455 1796 496 1816 sc.
511 1787 559 1818 Ut
575 1798 642 1818 sese
658 1788 753 1828 erige-
800 1800 904 1829 neque
929 1792 1032 1822 nodus
1055 1793 1113 1823 tali
1137 1794 1261 1825 vindice
1281 1796 1396 1836 dignus
1411 1806 1469 1831 est.

82 1828 161 1855 rent.

130 1878 149 1905 4
176 1869 231 1898 Ad
258 1879 370 1908 rupem
404 1872 627 1910 muniendam]
668 1873 698 1903 h.
723 1883 749 1904 e.

84 1909 299 1941 perfodiendo
322 1914 354 1941 et
377 1913 540 1943 caedendo
558 1924 671 1953 rupem
695 1925 752 1954 per

81 1961 153 1981 eam
170 1952 254 1982 viam
269 1953 402 1992 aperire.
429 1955 538 1986 Dom.

125 2001 142 2032 5
159 1995 336 2026 Arboribus
351 1997 436 2026 cIrca
454 1998 661 2037 immanibus]
678 1999 750 2030 Nec

80 2035 187 2065 minus
205 2036 333 2075 mirum,
348 2040 433 2077 quod
448 2040 575 2070 arbores
595 2041 752 2072 immanes

80 2077 112 2106 in
123 2088 160 2107 eo
171 2079 242 2108 loco
253 2084 433 2119 opportune
444 2081 751 2121 exsisterent,euius,

80 2123 116 2149 ut
133 2130 208 2150 mox
234 2121 279 2151 ait
304 2122 424 2159 Livius,
447 2125 536 2154 nuda
554 2126 630 2163 sere
656 2137 747 2156 cacu-

79 2163 179 2200 mina,
201 2167 231 2194 et
252 2165 279 2193 si
303 2166 381 2204 quid
402 2170 447 2196 est
464 2167 590 2205 pabuli,
609 2169 749 2198 obruunt

79 2205 177 2235 nives.
223 2206 285 2236 Sed
302 2217 401 2245 quum
422 2218 517 2247 rupes
540 2208 630 2240 mille
650 2211 749 2249 pedes

79 2247 115 2276 in
129 2248 329 2280 altitudinem
353 2251 491 2289 abrupta
513 2255 606 2287 esset,
621 2262 750 2283 necesse

79 2292 147 2318 erat
169 2290 310 2327 omnim,
326 2295 361 2321 ut
379 2292 496 2331 aliquis
512 2294 601 2324 Deus
623 2305 662 2325 etv
684 2305 747 2324 mn-

79 2331 176 2360 china
191 2331 366 2363 exsisteret.

121 2371 141 2402 6
163 2374 279 2412 Insuso
294 2377 395 2414 aceto]
424 2376 508 2407 Plin.
523 2377 568 2407 H.
582 2378 623 2408 N.
637 2378 747 2409 xxxiii.

80 2422 108 2450 3.
125 2424 196 2444 eam
215 2415 298 2445 aceti
317 2417 379 2447 vim
395 2428 462 2448 esse
483 2419 602 2456 scribit,
618 2425 653 2450 ut
669 2432 747 2450 sam

78 2461 209 2495 rumpat
234 2458 391 2496 infusum,
414 2471 496 2499 quae
527 2472 589 2491 non
620 2464 747 2501 ruperit

77 2499 162 2537 iynis
174 2501 370 2531 antecedens.
398 2502 494 2531 Hanc
507 2503 649 2533 fabulam
665 2504 746 2534 Plut.

77 2540 111 2570 in
130 2540 208 2570 Vita
224 2541 335 2571 Hann.
352 2552 389 2572 ac
406 2543 461 2573 Sil.
478 2543 521 2573 iii.
534 2543 606 2582 640.
623 2555 747 2575 necnon

79 2582 219 2621 Appian.
237 2583 348 2614 Hann.
362 2596 390 2622 4.
407 2589 545 2615 narrant.
592 2586 748 2623 Quidam,

79 2624 133 2663 qui
143 2635 210 2654 rem
221 2635 284 2655 non
296 2636 422 2664 prorsus
431 2628 618 2658 ementitam
627 2629 749 2665 volunt,

77 2670 211 2697 monent
219 2671 347 2698 acetum
359 2668 513 2699 militibus
523 2673 635 2708 potum
643 2670 748 2707 fuisse,

78 2712 110 2738 et
131 2708 206 2739 hine
229 2719 293 2740 non
316 2710 432 2740 mirum
449 2721 526 2748 esse,
542 2716 666 2742 tantam
683 2713 750 2743 eius

78 2751 204 2790 copiam
222 2751 339 2782 Poenis
359 2753 546 2792 suppetisse.
603 2755 667 2785 Sed
689 2755 750 2786 hae

78 2802 184 2823 merae
200 2804 304 2833 nugae
319 2799 411 2825 sunt:
437 2795 558 2834 quippe
580 2807 660 2827 samu
680 2799 748 2836 pri-

79 2836 189 2865 'nitiva
204 2840 296 2865 aceto
313 2837 365 2867 vix
381 2842 447 2868 tam
464 2838 558 2868 facile
575 2838 750 2876 cessissent,

135 2889 232 2916 VOL.
257 2891 300 2918 II.

799 1833 920 1872 quippe
946 1833 1029 1864 viam
1055 1835 1177 1874 lapsam
1201 1837 1291 1868 mille
1314 1840 1412 1877 pedes
1436 1842 1469 1870 in

796 1875 1025 1913 longyz‘tudinem
1053 1877 1213 1908 humanus
1243 1880 1341 1915 labor,
1371 1883 1468 1912 nullis·

795 1917 877 1946 aceti
905 1923 935 1947 et
963 1918 1043 1957 iguis
1065 1920 1270 1959 adiumentis,
1293 1922 1468 1961 instaurare

797 1959 960 1997 potuisset.

842 2009 857 2040 ’,-
881 2003 1105 2043 sslolliuulque
1120 2006 1325 2043 anfractibus
1342 2009 1468 2039 modicis

795 2045 906 2082 clivos]
934 2045 1009 2074 Non
1035 2050 1137 2075 rectas
1163 2048 1286 2078 ducunt
1311 2050 1387 2087 vias,
1411 2052 1465 2081 sed

797 2095 853 2123 per
882 2087 1024 2116 modicos
1053 2088 1215 2119 anfractus
1244 2091 1390 2129 inflexas,
1421 2093 1467 2122 ita

794 2132 828 2157 ut
844 2128 972 2158 mollior
987 2129 1157 2161 descensus
1178 2142 1234 2170 per
1250 2133 1349 2164 clivos
1364 2134 1464 2165 fieret.

793 2170 898 2200 Ciu-nv.

836 2213 854 2242 8
870 2214 958 2242 Dola
972 2215 1094 2252 iricluo]
1115 2214 1269 2255 Polybius
1282 2222 1392 2248 contra
1404 2219 1464 2248 hoc

794 2259 922 2293 tempus
946 2265 1009 2285 non
1038 2256 1069 2286 iu
1097 2258 1239 2289 exercitu
1261 2260 1368 2298 quiete
1395 2261 1464 2290 refi-

794 2296 918 2331 ciendo„
935 2298 991 2328 sed
1007 2298 1038 2328 in
1055 2299 1141 2329 locos
1157 2306 1350 2340 campestres
1367 2303 1463 2332 dedu-

795 2339 907 2374 cendo,
924 2346 1150 2379 consumptum
1168 2343 1284 2375 scribit.

836 2391 855 2419 9
878 2382 987 2411 Elium
1006 2383 1096 2420 locis]
1123 2385 1168 2413 Et
1185 2386 1259 2421 iam,
1276 2386 1415 2415 Bel-:ken

841 2432 851 2451 1
881 2424 923 2453 [rt
938 2425 1067 2463 quidum
1080 2430 1224 2456 ‹zm-tores
1235 2428 1327 2466 sunt]
1346 2430 1384 2458 cf.
1394 2428 1462 2458 Pol.

793 2463 836 2494 iii.
857 2463 906 2502 56.
953 2467 1070 2501 Quinto
1093 2468 1210 2497 decimo
1236 2469 1296 2504 die,
1321 2474 1463 2500 ceterum

794 2505 885 2535 Livio
905 2506 975 2544 ipso
998 2512 1139 2544 auctore,
1155 2509 1221 2538 dies
1243 2510 1386 2541 decimus
1409 2522 1462 2541 no—

792 2557 852 2576 nus
867 2547 930 2577 iam
947 2550 1111 2586 agebatur,
1128 2550 1248 2589 quippe
1268 2562 1349 2583 nono
1365 2554 1415 2584 die
1431 2553 1463 2583 in

792 2588 901 2627 iugum
931 2590 1064 2628 Alpium
1093 2597 1282 2630 perventum
1309 2599 1367 2631 est,
1393 2600 1463 2625 tum

794 2631 925 2660 biduum
942 2631 974 2661 in
991 2632 1063 2671 iugo
1080 2633 1194 2664 stativa
1216 2635 1337 2674 habita,
1352 2642 1464 2676 postea

793 2673 1008 2711 quadriduum
1023 2675 1105 2705 circa
1121 2686 1233 2715 rupem
1246 2679 1464 2718 absumptum,

794 2714 933 2753 (lenique
950 2716 1038 2754 quies
1058 2718 1147 2748 fessis
1169 2719 1245 2749 data
1265 2722 1393 2752 triduo:
1418 2722 1463 2752 in-

794 2757 845 2793 de,
860 2757 983 2788 scilieet
1003 2758 1055 2789 die
1074 2760 1199 2791 decimo
1222 2772 1319 2800 nono,
1334 2764 1375 2793 ad
1397 2765 1463 2803 pla-

794 2809 871 2828 num
899 2801 1086 2831 descensum
1111 2808 1167 2833 est.
1202 2804 1240 2833 ef.
1259 2805 1399 2836 Cramer.
1425 2807 1464 2835 de

796 2841 939 2873 Hannib.
957 2844 1092 2874 transitu
1110 2855 1139 2883 p.
1162 2855 1227 2883 145.

1207 2901 1233 2926 D
