1809 3178
507 125 627 166 Llss.
663 125 808 166 XXII.
855 128 999 169 (JAl‘.
1033 135 1097 170 21.
1429 140 1473 176 81

85 210 193 251 glovi
217 226 354 267 pugna
376 223 461 253 toto
481 215 569 255 eius
590 230 682 255 orae
705 216 801 255 mari
827 217 944 271 potiti
967 228 1094 258 erant.
1149 220 1294 276 ltaque
1316 223 1365 262 ad
1393 223 1479 264 llo·
1498 238 1535 267 Γ.
1554 239 1588 267 ι’.
1613 248 1680 275 555--

116 283 278 308 noscam
310 270 434 311 classe
462 272 654 326 provectI,
676 273 942 313 exscensione
974 276 1023 314 ab
1056 277 1225 317 navibus
1256 279 1297 318 in
1330 290 1473 321 terram
1493 281 1527 309 A.
1553 283 1588 310 (“-
1617 291 1680 319 Ηῖ-

114 325 231 374 faeta,
266 342 392 381 quum
428 329 569 369 urbem
603 330 639 368 vi
673 330 889 385 cepissent,
923 340 1166 388 captamque
1200 335 1474 390 diripuissent,

117 382 411 437 Carthaginem
440 386 534 426 inde
557 395 725 441 petunt:
758 397 895 442 atque,
918 404 1082 430 omnem
1104 407 1245 445 agrum
1276 393 1381 433 circa
1403 395 1474 435 dc-

113 439 309 494 populaffi,
332 450 536 497 postremo
565 451 671 483 tecta
693 459 858 498 quoque
881 446 1101 487 coniuncta
1128 463 1245 488 muro
1267 451 1474 506 portisque

81 495 397 545 9incendcrunt.
460 499 562 540 Inde
604 500 682 540 iam
719 501 871 555 praeda
910 504 1042 557 gravis
1082 505 1132 545 ad
1171 505 1474 561 Longunticam

112 556 298 608 pervenit
319 556 475 596 classis:
511 556 578 597 ubi
596 557 654 598 vis
670 572 819 613 magna
838 560 961 614 sparti
979 560 1030 600 ad
1052 576 1136 601 rem
1156 560 1359 604 nauticam
1379 581 1475 605 con-

109 620 225 665 gesta
254 613 303 652 ab
339 612 606 654 Hasdrubale.
672 615 797 662 Quod
831 617 924 657 satis
955 617 997 657 in
1032 634 1150 659 usum
1182 621 1270 669 fuit,
1302 622 1474 671 sublato,

110 677 292 709 ceterum
321 685 440 710 omne
467 670 678 711 incensum
704 681 775 712 est.
840 672 930 714 Nec
959 676 1208 716 continentis
1234 679 1357 718 modo
1382 694 1475 734 pro·
1492 688 1614 719 Ebusus
1635 690 1675 718 in-

110 724 234 765 iectas
248 741 335 766 oras
349 737 638 782 praetervecta,
648 729 719 769 scd
734 729 774 769 in
793 729 975 771 Ebusum
992 732 1164 773 insulam
1180 736 1471 778 transmissum.
1487 732 1554 790 ’ΨΜ
1573 733 1672 770 ¹¹5²'‘'1'‘

112 781 195 822 Ubi
233 783 345 832 urbe,
383 799 487 839 quae
520 794 643 840 caput
684 786 838 827 insulae
875 797 947 837 est,
983 789 1155 831 biduum
1198 793 1472 848 nequicquam
1488 779 1527 803 ta.

107 853 267 880 summo
298 840 434 881 labore
466 854 716 897 oppugnata,
739 844 807 884 ubi
840 845 882 884 in
903 861 1018 901 spem
1050 847 1203 888 irritam
1225 849 1371 890 frustra
1399 853 1470 892 teri

108 905 269 951 tempus
303 898 631 939 animadversum
672 909 745 949 est,
787 901 838 941 ad
879 902 1186 958 populationem
1229 908 1312 961 agri
1356 910 1471 955 versi,

105 952 275 1008 direptis
305 954 461 1010 aliquot
492 956 752 1013 incensisque
774 959 885 1007 vicis,
917 960 1082 1010 maiore,
1105 977 1227 1017 quam
1260 979 1311 1004 ex
1342 967 1473 1006 conti-

105 1011 233 1060 nenti,
255 1012 407 1067 praeda
427 1022 553 1068 parta,
577 1029 705 1069 quum
727 1015 770 1055 in
792 1030 914 1056 naves
941 1032 982 1057 se
1004 1020 1265 1074 recepissent,
1287 1037 1338 1062 ex
1363 1022 1472 1063 Bali-

105 1067 241 1108 aribus
258 1069 400 1110 insulis
421 1070 544 1126 legati
558 1086 700 1127 pacem
723 1082 912 1128 petentes
928 1074 981 1114 ad
1005 1075 1241 1131 Scipionem
1255 1090 1467 1120 venerunt.

105 1123 208 1165 Inde
229 1125 337 1167 flexa
357 1136 465 1168 retro
485 1127 634 1177 elassis,
656 1129 918 1184 reditumque
940 1131 982 1170 in
1003 1132 1191 1174 citeriora
1211 1136 1467 1189 provinciae:

103 1196 186 1237 quo
202 1184 388 1224 omnium
419 1185 664 1239 ›opulornn1,
682 1187 753 1240 qui
770 1188 827 1226 cis
850 1187 1015 1227 Iberum
1032 1189 1231 1240 incolunt,
1247 1192 1467 1233 multorum

102 1248 145 1279 et
171 1239 339 1280 ultimae
374 1200 600 1295 llispaniae
634 1242 755 1297 legati
789 1255 1096 1286 concurrerunt.
1161 1248 1244 1288 Sed
1275 1250 1343 1304 qui
1374 1266 1466 1291 vere

102 1295 270 1336 ditionis
310 1297 554 1353 imperiique
599 1298 777 1340 Romani
817 1300 911 1341 facti
952 1311 1059 1352 sunt,
1101 1304 1309 1346 obsidibus
1349 1307 1466 1355 datis,

102 1352 257 1408 populi,
275 1354 449 1409 amplius
470 1355 637 1396 fuerunt
657 1365 824 1398 centum
841 1357 997 1412 viginti.
1060 1360 1192 1415 Igitur
1212 1364 1468 1404 terrestribus

74 1431 86 1451 1
102 1424 268 1465 quoque
282 1411 410 1466 copiis
431 1412 525 1452 satis
546 1412 677 1453 fidens
700 1413 912 1455 Romanus
929 1430 1058 1471 usque
1080 1417 1132 1457 ad
1153 1418 1299 1459 saltum
1320 1421 1468 1461 Castu-

101 1465 313 1508 lonensem
334 1478 395 1508 est
412 1484 655 1525 progressus.
719 1470 953 1511 Hasdrubal
974 1473 1016 1512 in
1034 1473 1290 1516 Lusitaniam
1312 1492 1358 1517 ac
1375 1493 1468 1532 pro-

98 1523 192 1578 pius
216 1524 430 1566 Oceanum
451 1527 660 1567 concessit.

160 1580 359 1628 Quietum
387 1583 484 1623 inde
514 1583 598 1624 fore
621 1584 834 1626 videbatur
863 1587 1068 1643 reliquum
1097 1590 1259 1630 aestatis
1290 1600 1463 1647 tempus,
1542 1593 1606 1630 21·

99 1636 324 1694 fuissetque
358 1655 431 1694 per
465 1640 654 1681 Poenum
690 1641 872 1692 hostem3
915 1645 999 1693 sed,
1033 1655 1319 1702 praeterquam
1352 1650 1464 1704 quod

98 1694 280 1749 ipsorum
312 1695 593 1752 Hispanorum
618 1698 804 1754 inquieta
833 1701 1034 1757 avidaque
1060 1703 1103 1743 in
1132 1718 1256 1745 novas
1286 1720 1349 1746 res
1369 1716 1465 1747 sunt

68 1751 275 1807 2ingenia‚
303 1752 558 1795 Mandonius
587 1755 872 1813 Indibilisque,
894 1759 966 1814 qui
997 1769 1118 1800 antea
1148 1760 1371 1817 Ilergetum
1402 1779 1465 1804 re-

96 1808 218 1864 gulus
237 1810 382 1860 fuerat,
404 1821 621 1867 postquam
645 1813 824 1855 Romani
852 1816 902 1856 ab
923 1816 1028 1857 saltu
1048 1832 1249 1859 recessere
1270 1819 1322 1860 ad
1343 1822 1465 1861 mari-

98 1866 240 1907 timam
289 1883 413 1917 oram,
455 1869 626 1911 concitis
675 1871 953 1927 popularibus,
994 1874 1038 1914 in
1082 1889 1226 1930 agrum
1273 1887 1463 1932 pacatum

96 1923 301 1965 sociorum
319 1924 603 1967 Romanorum
617 1927 669 1968 ad
682 1929 965 1985 populandum
978 1942 1192 1974 venerunt.
1255 1933 1463 1976 Adversus

65 1994 165 2025 geos
198 1981 386 2023 tribunus
421 1983 597 2025 militum
629 2000 723 2026 cum
759 1987 964 2042 expeditis
998 1989 1172 2038 auxiliis,
1209 2005 1233 2031 a
1270 1990 1462 2047 Scipione

141 2138 160 2168 8
182 2140 237 2168 Ad
260 2141 454 2179 Honoscam]
495 2142 603 2177 Quam
634 2143 755 2179 urbem,
800 2144 909 2183 pellat.
937 2145 975 2175 cf.
992 2145 1061 2176 infr.
1078 2146 1164 2177 xxvi.
1181 2157 1230 2186 47.

95 2189 157 2210 non
183 2181 254 2211 aliis
280 2188 497 2221 memoratam,
524 2184 554 2214 in
582 2184 753 2216 Tarracon.
845 2196 855 2216 1
874 2188 997 2217 Saltum
1014 2188 1285 2227 Castulonensem]
1309 2191 1361 2221 Ad
1377 2191 1461 2230 ripas

96 2221 255 2262 Hispania
268 2224 350 2255 inter
359 2225 582 2265 Carthaginem
596 2237 710 2257 novam
723 2232 754 2257 et
800 2227 909 2259 Boetis
946 2230 1083 2260 fluminis
1120 2241 1219 2271 prope
1252 2233 1458 2264 Castulonem

95 2263 223 2295 Iberum
235 2266 327 2297 sitam
339 2267 433 2298 fuisse
446 2272 569 2307 putant.
588 2270 671 2300 RUP.
695 2271 752 2301 Ce-
799 2271 1009 2301 Oretanorum
1019 2273 1129 2303 urbem
1140 2274 1323 2306 maximam.
1341 2276 1392 2305 De
1399 2286 1460 2314 quo

94 2309 196 2337 terum
212 2309 389 2340 Etovissam
410 2311 544 2341 coniecit
569 2312 596 2342 Ι.
615 2312 753 2342 Gronov.
799 2313 927 2343 Asinius
944 2314 1048 2345 Pollio
1070 2315 1100 2345 in
1122 2315 1190 2346 Cic.
1209 2316 1310 2356 Epist.
1326 2318 1365 2348 ad
1385 2318 1458 2348 Div.

94 2350 125 2377 et
139 2349 279 2380 Onusam
294 2352 433 2390 reposuit
450 2353 586 2385 Bekker.
798 2365 828 2386 Χ.
845 2365 893 2393 31·
913 2357 1020 2386 Saltus
1040 2358 1285 2394 Castulonensis,
1308 2361 1362 2399 qui
1383 2370 1457 2389 sem-

141 2399 160 2430 9
182 2393 237 2421 Ad
257 2394 501 2434 Lonyzmticam]
543 2396 665 2426 Urbem
691 2406 753 2427 non
794 2408 854 2436 per
864 2400 965 2429 tenuit
977 2404 1095 2429 nostros
1105 2401 1295 2437 tabellarios,
1306 2403 1362 2431 etsi
1373 2412 1458 2431 nunc

92 2431 224 2463 aliunde
239 2438 357 2465 notam.
401 2438 463 2467 Ubi
477 2439 523 2467 vis
537 2449 653 2477 moynel
664 2449 753 2477 spor·
790 2440 1062 2479 fi·equentioribus
1100 2443 1273 2472 latrociniis
1314 2444 1457 2481 infestior

93 2475 129 2511 ti,
163 2475 246 2514 quod
286 2482 430 2515 spartum
467 2479 598 2509 Graecis
640 2479 755 2510 dicitur
789 2482 902 2519 factus
916 2487 970 2512 est.

93 2516 209 2553 fmtex,
225 2516 305 2556 inpr.
321 2519 454 2557 genista,
467 2525 500 2549 at
517 2521 671 2551 Romanis
686 2522 752 2551 iun·
835 2533 851 2552 2
868 2525 894 2552 A
902 2526 990 2561 ntea]
1006 2524 1185 2563 Antequam
1198 2525 1368 2564 Ilergetum
1381 2536 1457 2565 gens

93 2568 148 2588 cus
175 2558 380 2598 Hispanicus,
404 2561 493 2591 cuius
519 2563 658 2593 maxima
687 2568 753 2593 erat
796 2565 854 2593 sub
876 2565 923 2594 ius
945 2565 1160 2604 ditionemque
1177 2567 1394 2598 Romanorum
1411 2579 1455 2598 re-

93 2600 186 2640 eopia
205 2601 238 2631 in
260 2602 380 2642 campis
396 2603 578 2643 Carthagini
594 2615 694 2634 novae
710 2606 750 2635 vi-
796 2606 953 2644 digeretur
967 2617 985 2636 a
998 2608 1056 2638 Cn.
1068 2608 1226 2647 Scipione,
1239 2611 1322 2647 quod
1338 2621 1454 2640 memo-

93 2642 186 2680 cinis3
210 2645 294 2674 unde
320 2655 357 2675 ea
379 2655 504 2685 quoque
526 2648 695 2686 Spartaria
721 2652 751 2677 et
796 2652 898 2678 ratum
915 2653 961 2679 est
977 2660 1060 2689 supr.
1077 2651 1139 2680 xxi.
1157 2650 1206 2682 61.
1230 2652 1332 2683 (ἷκεν.

92 2686 309 2724 Σπαρταγενὴς
325 2687 419 2717 dicta.
446 2689 529 2719 ΗΠ).
576 2689 627 2719 De
647 2689 751 2719 multi-
843 2699 859 2728 3
889 2693 1046 2730 Ainz'iliis]
1093 2692 1203 2732 copiis
1238 2695 1454 2731 auxiliaribus,

92 2727 176 2765 plico
188 2727 282 2759 huius
294 2729 409 2759 herbae
425 2741 481 2760 usu
499 2730 536 2761 cf.
555 2731 637 2762 Plin.
651 2731 694 2761 H.
709 2732 751 2761 N.
796 2741 875 2770 quae
898 2743 960 2763 non
985 2734 1150 2764 Romanae
1172 2745 1230 2765 nec
1253 2736 1385 2767 Latinae
1408 2748 1453 2767 es-

92 2769 158 2800 xix.
180 2779 206 2800 2.
229 2771 364 2812 xxiv.-9.
407 2773 496 2802 Inter
523 2773 586 2803 alia
614 2774 706 2803 funes
735 2784 752 2804 e
795 2779 875 2811 sent,
891 2776 944 2805 sed
960 2786 999 2806 ex
1015 2776 1085 2807 aliis
1098 2777 1243 2816 gentibus
1256 2788 1337 2817 quae
1353 2790 1384 2810 se
1399 2780 1453 2810 ad-

93 2816 198 2850 sparto
214 2814 418 2851 parabantur,
430 2825 508 2853 quos
523 2815 647 2845 Plinius
657 2826 750 2855 prae·
795 2816 961 2849 iunxerant
978 2818 1141 2850 Romanis.
1164 2820 1267 2852 ΟΜΝ.

92 2854 185 2892 cipue
202 2855 237 2884 in
256 2858 347 2895 aquis
367 2858 509 2897 marique
538 2859 668 2888 invictos
696 2869 749 2897 ap-

148 2907 244 2936 VOL.
269 2910 311 2937 11.
1200 2917 1226 2943 G
