1877 3178
377 114 461 152 350
885 104 1032 146 TITI
1074 101 1252 143 LIVH

170 210 214 241 U.
232 210 269 241 C.
292 218 363 249 543·
378 199 557 240 Tribuni
586 196 782 253 appellati
811 195 863 236 ad
893 202 1083 235 senatum
1110 192 1355 232 reiecerunt.
1421 187 1596 228 Senatus
1616 183 1760 241 populi
1777 195 1793 227 7

167 254 207 283 A.
232 253 269 284 C·
293 262 364 292 ²09·
378 264 625 313 potestatem
661 254 768 294 fecit.
831 252 896 292 Ita
929 251 1087 306 primus
1118 263 1171 289 ex
1205 247 1326 302 plebe
1364 253 1524 285 creatus
1555 242 1760 283 maximus

378 314 492 354 eurio
524 312 572 353 C.
591 310 805 352 Mamilius
826 308 1007 348 Vitulus.
1071 305 1127 346 Et
1155 304 1366 344 flaminem
1392 301 1558 341 Dialem
1583 299 1760 339 invitum

379 369 616 425 inaugurari
648 368 782 422 coegit
814 366 861 406 P.
886 364 1074 405 Licinius
1104 361 1294 417 pontifex
1324 358 1530 399 maximus
1563 355 1612 396 C.
1636 354 1762 395 Vale-

380 428 487 468 rium
510 426 715 466 Flaccum.
780 421 1005 463 Decemvir
1025 420 1147 460 sacris
1163 417 1368 458 faciundis
1385 422 1544 455 creatus
1566 412 1763 452 inlocum

385 484 437 532 Q.
463 483 598 524 Mucii
630 480 849 522 Scaevolae
881 477 1088 518 demortui
1123 475 1171 516 C.
1197 473 1425 515 Laetorius.
1491 470 1671 511 Causam
1702 468 1765 506 in-

382 540 574 596 augurari
596 539 727 579 coacti
747 536 926 577 flaminis
948 535 1080 574 libens
1102 532 1371 578 reticuissem,
1393 529 1437 568 ni
1459 543 1511 568 ex
1533 526 1640 566 mala
1659 525 1767 564 fama

383 599 425 638 in
449 599 599 638 bonam
621 595 820 635 vertisset.
886 592 953 632 Ob
982 589 1305 631 adolescentiam
1333 585 1619 640 negligentem
1646 582 1769 622 luxu-

383 655 616 708 riosamque
642 651 691 692 C.
712 651 883 691 Flaccus
914 649 1067 688 flamen
1095 654 1238 701 captus
1260 660 1283 685 a
1313 644 1359 684 P.
1380 641 1545 683 Licinio
1570 638 1767 694 pontifice
1783 646 1801 676 S

385 711 567 752 maximo
588 717 688 757 erat,
712 708 760 748 L.
777 707 925 747 Flacco
953 704 1068 744 fratri
1089 717 1287 758 germano
1308 699 1578 755 cognatisque
1607 695 1696 735 aliis
1717 694 1770 734 ob

385 768 532 809 eadem
553 766 653 807 vitia
674 765 840 805 invisus.
904 762 957 810 Is,
980 770 1027 801 ut
1048 761 1233 800 animum
1260 758 1348 798 eius
1369 770 1469 796 cura
1495 766 1703 794 sacrorum
1729 757 1771 790 et

386 823 734 866 caerimoniarum
764 821 888 876 cepit,
910 820 967 859 ita
995 825 1165 872 repente
1189 815 1305 855 exuit
1337 813 1529 867 antiquos
1555 823 1701 856 mores,
1725 815 1773 847 ut

386 897 511 922 nemo
534 889 620 920 tota
640 880 857 919 iuventute
887 876 1110 916 haberetur
1136 873 1260 928 prior,
1283 886 1360 911 nec
1383 868 1593 924 probatior
1616 866 1772 921 primo-

387 939 500 978 ribus
525 937 713 983 Patrum,
736 935 818 974 suis
846 933 999 988 pariter
1026 931 1268 984 alienisque,
1292 937 1409 968 esset.
1474 924 1612 964 Huius
1639 922 1772 962 famae

389 1008 593 1035 consensu
625 992 755 1032 elatus
787 990 838 1030 ad
870 990 1019 1029 iustam
1047 987 1244 1026 fiduciam
1275 985 1351 1032 sui,
1381 998 1468 1023 rem
1500 979 1775 1021 intermissam

389 1066 464 1106 per
492 1050 643 1090 multos
665 1062 794 1088 annos
824 1047 876 1086 ob
897 1044 1193 1098 indignitatem
1215 1042 1430 1081 flaminum
1452 1039 1636 1093 priorum
1657 1049 1776 1090 repe-

182 1122 258 1167 Iurq
278 1129 377 1149 sacer-
392 1108 496 1155 tivit,
512 1115 559 1146 ut
575 1107 617 1145 in
635 1113 823 1145 senatum
842 1102 1042 1142 introiret.
1106 1099 1343 1153 Ingressum
1359 1110 1455 1136 eum
1473 1094 1627 1134 curiam
1645 1106 1776 1147 quum

181 1163 364 1234 {iotigsen'as
393 1165 440 1205 L.
462 1163 651 1204 Licinius
672 1169 836 1217 praetor
864 1158 961 1198 inde
984 1156 1207 1203 eduxisset,
1231 1155 1418 1194 tribunos
1443 1150 1575 1206 plebis
1596 1148 1777 1204 appella-

182 1214 368 1277 ἀιῑῗᾙγῗῃὲω
393 1222 452 1263 vit
472 1222 636 1261 flamen.
700 1217 926 1258 Vetustum
955 1215 1017 1254 ius
1046 1211 1265 1254 sacerdotii
1294 1209 1529 1266 repetebat:
1564 1206 1708 1246 datum
1735 1203 1779 1243 id

394 1294 488 1320 cum
511 1286 607 1332 toga
632 1283 845 1331 praetexta
874 1284 916 1313 et
945 1271 1044 1312 sella
1065 1269 1197 1310 curuli
1225 1267 1410 1308 flaminio
1432 1279 1530 1306 esse.
1594 1263 1778 1309 Praetor,

395 1351 480 1376 non
502 1333 676 1375 exoletis
697 1339 900 1372 vetustate
930 1327 1142 1369 annalium
1164 1324 1366 1379 exemplis
1388 1332 1493 1363 stare
1521 1321 1595 1369 ius,
1619 1318 1692 1359 sed
1717 1332 1781 1358 re-

396 1392 656 1433 centissimae
685 1389 887 1443 cuiusque
917 1383 1230 1426 consuetudinis
1260 1397 1350 1429 usu,
1379 1379 1567 1420 volebat:
1602 1391 1679 1416 nec
1709 1389 1782 1430 pa-

397 1459 520 1497 trum,
544 1464 620 1487 nee
643 1460 813 1487 avorum
835 1443 1034 1484 memoria
1055 1440 1222 1481 Dialem
1241 1451 1494 1494 quemquam
1517 1434 1559 1474 id
1581 1434 1644 1473 ius
1665 1446 1782 1472 usur-

398 1521 527 1562 passe.
591 1503 783 1551 Tribuni,
819 1516 906 1541 rem
940 1499 1091 1539 inertia
1122 1496 1338 1538 flaminum
1380 1493 1639 1534 obliteratam
1671 1488 1782 1544 ipsis,

398 1578 483 1603 non
514 1560 758 1607 sacerdotio,
786 1558 939 1598 damno
970 1556 1107 1603 fuisse,
1139 1568 1269 1609 quum
1301 1565 1482 1606 aequum
1514 1546 1783 1594 censuissent,

398 1635 451 1659 ne
483 1619 572 1674 ipso
604 1617 775 1672 quidem
801 1624 945 1655 contra
976 1612 1175 1653 tendente
1204 1618 1406 1665 praetore,
1436 1620 1587 1661 magno
1618 1617 1787 1643 assensu

400 1677 573 1717 Patrum
607 1673 838 1729 plebisque,
873 1670 1085 1710 flaminem
1126 1668 1170 1707 in
1211 1675 1399 1706 senatum
1437 1662 1784 1707 introduxerunt3

401 1732 593 1773 omnibus
623 1731 680 1770 ita
712 1727 1055 1773 existimantibus,
1088 1724 1217 1778 magis
1253 1722 1469 1763 sanctitate
1502 1719 1624 1766 vitae,
1659 1730 1786 1771 quam

404 1788 623 1830 sacerdotii
645 1787 746 1834 iure,
770 1799 858 1825 rem
880 1798 971 1824 eam
992 1781 1205 1822 flaminem
1227 1778 1464 1819 obtinuisse.

463 1844 668 1885 Consules
697 1843 823 1898 prius,
851 1855 975 1895 quam
1005 1839 1048 1878 in
1073 1836 1306 1893 provincias
1334 1835 1454 1881 irent,
1481 1832 1583 1872 duas
1612 1830 1820 1873 urbanas9

403 1903 600 1958 legiones,
643 1901 687 1940 in
728 1898 1080 1954 supplementum,
1123 1902 1327 1948 (plantum
1369 1904 1472 1945 opus
1514 1896 1601 1928 erat
1640 1886 1788 1927 ceteris

404 1959 654 2000 exercitibus
680 1956 872 2003 militum,
896 1953 1158 2007 scripserunt.
1223 1949 1443 1989 Urbanum
1464 1954 1647 1986 veterem
1673 1957 1791 1983 exer-

404 2017 534 2056 citum
570 2013 737 2054 Fulvius
769 2010 912 2052 consul
949 2008 998 2049 C.
1019 2007 1165 2047 Fulvio
1198 2005 1344 2046 Flacco
1375 2004 1512 2058 legato
1548 2001 1692 2056 (frater
1724 1999 1791 2039 hic

405 2072 585 2114 consulis
616 2069 723 2123 erat)
754 2069 798 2108 in
831 2066 1043 2107 Etruriam
1079 2063 1197 2104 dedit
1232 2060 1486 2107 ducendum,
1519 2067 1559 2099 et
1594 2057 1792 2111 legiones,

407 2144 512 2185 quae
547 2129 591 2168 in
629 2126 797 2167 Etruria
831 2131 961 2171 erant,
995 2122 1173 2162 Romam
1205 2117 1482 2159 deducendas,
1547 2114 1602 2154 Et
1643 2113 1794 2153 Fabius

170 328 306 357 Flamen

171 369 277 400 Dialis
292 369 338 398 in-

171 411 255 441 vitus
270 411 357 440 inau-

170 457 302 492 guratur
315 454 351 484 C.

173 495 334 526 Valerius.

453 2255 469 2285 7
492 2248 630 2277 Senatus·
642 2245 756 2283 papuli
778 2246 958 2281 potestatem
977 2241 1076 2278 fecit]

409 2290 546 2319 Senatus
571 2286 691 2317 censuit
720 2286 852 2315 liberam
880 2283 1011 2312 huiusce
1036 2281 1079 2310 rei

410 2333 602 2370 potestatem
618 2328 738 2367 populo
749 2336 815 2357 esse
826 2325 1078 2363 relinquendam.

411 2373 463 2403 Sic
480 2372 609 2402 Sallust.
628 2371 666 2400 B.
686 2371 755 2408 Ing.
776 2369 822 2407 78.
846 2368 961 2397 Graeci
985 2367 1080 2404 optio-

411 2426 482 2445 nem
499 2406 967 2451 C'mtlmgsiniensiiemfaciunt.
993 2408 1053 2438 Cu.

455 2458 473 2487 8
495 2457 630 2486 Flamen
645 2454 775 2492 captus]
804 2452 947 2481 Verbum
969 2450 1001 2479 in
1022 2449 1082 2478 hac

413 2509 446 2529 re
462 2497 636 2537 proprium.
672 2495 849 2525 Dicebatur
865 2493 948 2522 enim
966 2492 1083 2521 flamen

412 2542 498 2579 capi,
515 2539 643 2569 vestalis
658 2538 742 2576 capi,
758 2537 791 2566 id
807 2539 868 2572 est,
882 2534 955 2573 eligi
971 2544 990 2563 a
1007 2543 1082 2572 pon-

413 2583 500 2612 tifice
525 2581 677 2610 maximo.
718 2578 794 2608 Vid.
820 2579 857 2607 A.
884 2576 1039 2611 Gellium,
1063 2575 1082 2604 i.

418 2634 464 2654 12.
511 2623 609 2658 Quod
626 2626 734 2651 autem
750 2620 803 2649 hic
822 2620 858 2649 L.
877 2619 1013 2648 Flaccus
1030 2617 1082 2646 fla-

414 2675 488 2694 men
519 2669 632 2703 captus
660 2665 856 2693 memoratur
884 2671 903 2690 a
933 2659 1084 2699 pontifice

415 2707 555 2735 maximo
583 2707 623 2735 ob
649 2703 899 2735 adolescentiam
926 2700 1083 2740 negligen-

415 2751 481 2776 tem
498 2747 768 2785 luxuriosamque,
784 2745 933 2774 nimirum
951 2743 1001 2773 vel
1016 2753 1084 2781 spe-

416 2788 496 2817 ravit
520 2789 662 2825 pontifex
679 2788 850 2823 maximus,
866 2786 898 2815 id
915 2786 999 2823 quod
1016 2794 1084 2813 eve-

418 2829 474 2867 nit,
495 2829 560 2858 fore
588 2834 623 2858 ut
646 2829 771 2858 animus
796 2829 863 2857 cius
887 2837 962 2857 cura
986 2836 1085 2855 saero-

1124 2247 1194 2266 rum
1219 2239 1249 2266 et
1274 2233 1537 2265 caerimoniarum
1559 2233 1735 2269 occupatus
1752 2229 1794 2258 vi-

1124 2279 1169 2308 tia
1192 2281 1342 2312 exueret;
1368 2276 1429 2311 vel,
1450 2274 1525 2313 quia
1548 2271 1722 2302 clarissimo
1744 2280 1794 2310 ge-

1126 2331 1199 2350 nere
1212 2324 1299 2349 ortus
1311 2318 1496 2347 adolescens
1508 2316 1548 2345 ob
1566 2324 1678 2353 pravos
1693 2322 1796 2342 mores

1126 2364 1252 2392 nullum
1268 2361 1432 2400 publicum
1449 2367 1565 2388 munus
1576 2355 1709 2394 adipisci
1726 2364 1795 2393 pos-

1127 2416 1159 2435 se
1177 2405 1344 2438 videretur,
1360 2402 1432 2431 ideo
1449 2399 1542 2429 solari
1559 2401 1709 2437 cognatos
1729 2396 1797 2426 eius

1128 2447 1240 2483 voluit,
1266 2446 1326 2474 hoc
1358 2444 1385 2473 ei
1416 2441 1579 2481 impertito
1610 2438 1796 2469 sacerdotio.

1128 2490 1233 2519 CREv.

1171 2541 1190 2570 9
1216 2532 1311 2559 Duas
1338 2528 1479 2557 urbanas
1506 2524 1658 2564 leyiones]
1694 2521 1796 2552 Vitio-

1128 2583 1195 2602 sam
1214 2582 1281 2602 esse
1304 2570 1400 2599 huius
1422 2567 1483 2598 loci
1506 2564 1797 2604 interpunctionem

1129 2614 1308 2653 suspicatur
1324 2611 1461 2642 Crevier.
1478 2608 1533 2647 qui
1552 2609 1633 2637 duas
1655 2607 1797 2636 urbanas

1129 2657 1287 2695 lessionem
1316 2653 1485 2692 legendum
1511 2650 1591 2685 vult,
1614 2648 1732 2687 quippe
1756 2647 1795 2676 le-

1126 2700 1235 2737 yiones
1261 2697 1406 2726 urbanae
1433 2704 1452 2723 a
1481 2691 1647 2726 militibus,
1676 2698 1729 2727 qul
1755 2687 1796 2716 ad

1130 2740 1233 2770 subita
1249 2738 1324 2768 belli
1341 2734 1514 2766 ministeria
1537 2736 1661 2772 praesto
1682 2732 1797 2765 essent,

1131 2781 1260 2812 omuino
1276 2780 1417 2809 diversae
1434 2779 1545 2807 essent.
