1871 3178
479 84 603 126 LIB.
638 84 803 126 XXVI.
847 84 990 126 CAP.
1026 89 1091 126 34.
1393 93 1473 130 319

99 178 147 219 L.
163 176 385 217 Veturium
418 175 650 222 Philonem,
676 176 773 216 item
799 174 967 215 Claudii
990 175 1157 230 legato&
1181 177 1250 230 qui
1283 178 1474 218 omnibus
1492 189 1533 219 U.
1550 190 1587 220 (τ.
1613 198 1682 228 54²·

99 233 292 290 gerendis
324 234 444 274 rebus
476 235 690 277 affuerant,
719 233 760 272 iu
789 241 933 272 senatu
962 232 1161 278 viderent,
1186 248 1262 273 nee
1287 233 1474 275 Fulvium
1491 233 1527 262 A.
1553 234 1589 262 (“·
1615 241 1683 262 ²¹0·

99 291 258 332 avocari
291 307 314 331 a
349 291 506 346 Capua,
537 307 612 331 nee
646 290 799 330 differri
837 289 1073 344 Campanos
1094 290 1270 337 vellent3
1305 290 1476 331 interro·
1493 306 1643 336 M.Atilii

99 358 218 404 gatus
246 349 492 389 sententiam
528 348 586 388 M.
608 347 762 387 Atilius
794 346 991 399 Regulus,
1014 347 1131 386 euius
1160 363 1210 387 ex
1244 347 1304 395 iis,
1328 349 1398 402 qui
1426 349 1477 388 ad
1491 349 1657 378 „cna-ntia.

104 406 292 461 Capuam
334 406 508 454 fuerant,
544 404 722 444 maxima
757 404 976 443 auctoritas
1012 412 1121 444 erat:
1167 404 1245 444 ‘In
1281 405 1478 453 eonsilio‚’

102 463 249 519 inquit,
275 474 283 485 ⁶
301 463 474 502 arbitror
504 478 568 502 me
590 462 711 501 fuisse
741 461 989 509 consulibuS,
1016 461 1163 514 Capua
1193 471 1324 517 capta,
1349 477 1479 517 quum

103 526 115 544 ‘
129 529 407 576 quaereretur,
426 519 567 575 eequis
586 518 894 573 Campanorum
918 518 969 558 de
988 518 1199 574 republica
1220 528 1360 560 nostra
1373 520 1478 559 bene

103 578 301 618 ‘meritus
341 586 467 617 esset:
510 576 612 616 duas
652 575 843 615 mulieres
879 585 1136 631 compertum
1178 585 1251 625 est,
1292 576 1479 617 Vestiam

105 640 116 658 6
135 635 315 690 Oppiam
338 634 572 674 Atellanam
590 632 759 688 Capuae
782 632 1050 682 habitantem,
1069 642 1110 673 et
1134 633 1356 674 Fauculam
1376 633 1480 674 Clu-

105 693 252 740 ‘viam‚
287 706 392 747 quae
433 689 643 745 quondam
676 699 893 745 quaestum
934 705 1104 745 corpore
1138 690 1323 739 fecisset3
1369 691 1479 731 illam

106 755 117 772 ‘
131 748 316 805 quotidie
339 748 583 788 sacrificasse
605 762 679 802 pro
700 746 828 787 salute
855 755 896 787 et
916 747 1087 787 victoria
1107 748 1249 803 populi
1274 748 1477 795 Romani3

106 806 236 847 ‘hanc
285 805 456 860 captivis
510 805 727 859 egentibus
777 804 972 845 alimenta
1027 804 1132 845 elam
1182 806 1477 861 suppeditasse.

106 869 118 886 ‘
136 862 382 904 Ceterorum
409 862 595 902 omnium
626 862 935 917 Campanorum
961 862 1142 902 eundem
1167 878 1264 917 erga
1289 878 1363 903 nos
1392 863 1481 903 aui-

106 926 117 944 ‘
137 935 263 968 mum,
279 934 403 975 quem
421 919 841 974 Carthaginiensium,
856 919 979 959 fuisse
994 935 1002 959 :
1037 920 1254 975 securique
1269 935 1480 976 percussos

106 983 154 1018 ‘a
178 977 230 1024 Q.
251 976 395 1017 Fulvio
415 991 501 1017 esse
524 976 665 1031 magiS,
688 991 866 1031 quorum
891 976 1070 1031 dignitas
1092 977 1198 1018 iuter
1219 978 1331 1026 alios,
1354 992 1480 1033 quam

107 1040 119 1058 ‘
135 1049 310 1090 quorum
332 1033 453 1089 eulpa
474 1034 694 1074 eminebat.
756 1034 838 1074 Per
858 1030 1047 1074 senatum
1079 1035 1144 1089 agi
1165 1034 1215 1074 de
1241 1034 1479 1090 Campanis,

107 1092 206 1147 ‘qui
238 1092 346 1132 cives
378 1091 558 1131 Romani
583 1099 690 1139 sunt,
714 1091 871 1131 iniussu
901 1091 1043 1146 populi
1072 1106 1156 1131 non
1184 1092 1306 1132 video
1337 1106 1477 1147 posse:

76 1149 259 1203 8‘idque
291 1158 333 1189 et
359 1148 470 1203 apud
501 1148 673 1188 maiores
703 1157 863 1188 nostros
894 1148 936 1188 in
970 1148 1190 1188 Satricanis
1223 1149 1374 1189 factum
1407 1158 1481 1197 est,

109 1211 121 1229 ‘
134 1220 264 1261 quum
281 1205 537 1251 defecissent,
556 1213 601 1244 ut
623 1204 684 1244 M.
708 1204 911 1245 Antistius
933 1205 1121 1245 tribunus
1142 1205 1272 1260 plebis
1286 1206 1398 1261 prius
1418 1221 1483 1246 ro-

76 1277 95 1308 9
110 1268 121 1286 ‘
136 1262 345 1318 gationem
366 1262 501 1310 ferret,
524 1262 728 1316 sciretque
754 1261 881 1317 plebs,
905 1262 964 1302 uti
995 1263 1157 1302 senatui
1182 1262 1233 1303 de
1263 1262 1485 1303 Satricanis

110 1319 365 1360 ‘sententiae
402 1319 601 1359 dicendae
632 1318 695 1358 ius
725 1327 842 1359 esset.
905 1318 1052 1374 Itaque
1086 1334 1247 1368 eensQO,
1282 1335 1377 1361 eum
1413 1320 1485 1360 tri-

111 1383 122 1400 ‘
137 1376 259 1417 bunis
278 1376 410 1432 plebis
431 1376 637 1431 agendum
663 1391 762 1425 esse,
785 1385 832 1416 ut
853 1391 996 1417 eorum
1024 1391 1131 1417 unus
1152 1376 1338 1432 pluresve
1367 1392 1485 1433 roga-

111 1439 123 1457 ‘
137 1434 291 1474 tionem
305 1433 437 1473 ferant
459 1433 510 1473 ad
527 1433 704 1488 plebem,
719 1448 802 1488 qua
822 1433 940 1473 nobis
956 1433 1165 1474 statuendi
1187 1433 1237 1474 de
1259 1433 1484 1490 Campanis

111 1498 123 1514 ‘
140 1491 202 1531 ius
223 1491 318 1531 fiat.’
378 1489 426 1530 L.
444 1490 598 1530 Atilius
619 1490 807 1530 tribunus
828 1489 960 1544 plebis
981 1505 1033 1530 ex
1054 1491 1296 1532 auctoritate
1318 1500 1485 1531 senatus

109 1547 274 1603 plebem
297 1548 340 1587 in
360 1547 461 1587 haec
482 1547 604 1587 verba
621 1547 804 1602 rogavit:
841 1552 852 1570 ‘
867 1546 1026 1588 Omnes
1050 1546 1267 1603 Campani,
1287 1548 1483 1597 Atellani,

112 1611 125 1628 6
143 1604 336 1653 Calatini,
368 1603 564 1652 Sabatini,
587 1604 659 1658 qui
689 1619 731 1644 se
763 1603 1014 1644 dediderunt
1044 1604 1088 1644 in
1119 1605 1332 1646 arbitrium
1363 1605 1486 1646 ditio-

112 1667 318 1717 ‘nemque
349 1661 492 1716 populi
522 1660 702 1701 Romani
733 1660 878 1701 Fulvio
911 1662 1158 1717 proconsuli,
1182 1677 1372 1718 quaeque
1403 1678 1487 1704 una

113 1724 275 1759 ‘secum
303 1717 566 1766 dediderunt,
589 1733 733 1773 agrum
761 1718 1004 1773 urbemque,
1026 1718 1179 1769 divina,
1206 1720 1485 1776 humanaque,

112 1781 125 1799 ‘
136 1774 423 1830 utensiliaque,
441 1775 524 1816 sive
541 1775 643 1830 quid
663 1775 777 1816 aliud
797 1775 1071 1825 dediderunt3
1104 1776 1156 1817 de
1177 1777 1226 1818 iis
1247 1777 1368 1818 rebus
1384 1778 1487 1833 quid

113 1832 227 1873 ‘fieri
246 1832 393 1881 velitis,
415 1847 485 1873 vos
505 1847 618 1888 rogo,
644 1832 853 1880 Quirites]
912 1833 1060 1874 Plebes
1081 1834 1138 1874 sie.
1159 1834 1296 1875 iussit:
1332 1840 1343 1858 ‘
1360 1834 1488 1883 Quod

84 1895 304 1930 1‘senatus
338 1889 506 1938 iuratus,
539 1889 720 1930 maxima
750 1905 856 1946 pars,
890 1900 1066 1940 censeat,
1101 1891 1174 1946 qui
1209 1892 1406 1941 assidetis,
1444 1892 1488 1932 id

113 1946 328 1988 ‘volumus
358 1947 656 2002 iubemusque.'
717 1946 783 1987 Ex
813 1947 892 1987 hoc
922 1947 1162 2003 plebeiscito
1193 1958 1358 1989 senatus
1389 1964 1488 1990 con-
1563 1949 1629 1986 34·

112 2004 242 2044 sultus
278 2003 469 2059 ‘Oppiae
513 2003 770 2058 Cluviaeque
806 2004 987 2058 primum
1026 2005 1136 2045 bona
1169 2020 1215 2046 ae
1255 2005 1486 2047 libertatem
1500 2003 1648 2061 Senatus-

115 2060 338 2101 ‘restituitz
371 2061 404 2101 si
437 2075 519 2116 qua
552 2060 632 2100 alia
665 2061 848 2115 praemia
880 2070 1022 2116 petere
1063 2062 1112 2102 ab
1146 2071 1289 2102 senatu
1320 2062 1473 2103 vellent
1500 2046 1679 2076 consultum

1475 2095 1485 2112 9
1663 2099 1671 2117 ἱ
1683 2105 1694 2110 ,

116 2123 129 2141 6
143 2117 282 2157 venire
297 2132 364 2158 eas
378 2117 582 2158 Romam.’
644 2117 870 2173 Campanis
883 2119 927 2158 in
940 2117 1112 2159 familias
1128 2118 1308 2174 singulas
1321 2119 1488 2161 decreta
1500 2088 1660 2160 &semp
1672 2100 1681 2117 ι

72 474 88 506 ⁸1

165 2239 182 2271 7
209 2233 373 2270 Arbitror]
414 2234 536 2264 Duker.
563 2233 697 2272 quaerit,
724 2245 779 2264 eur

822 2245 860 2264 ae
887 2234 972 2265 vices
997 2235 1138 2265 obtinere
1169 2235 1274 2274 possit.

117 2275 270 2304 arbitra-ri
296 2285 328 2304 se
352 2275 440 2312 dicit,
463 2276 547 2314 quod
574 2276 660 2306 haud
684 2277 779 2307 dubie

1325 2237 1488 2272 Quemad-

823 2278 954 2307 modum
975 2278 1059 2307 enim
1084 2278 1135 2308 hie
1153 2280 1247 2309 sciret
1264 2289 1319 2317 pro
1335 2281 1489 2315 scisceret,

118 2327 174 2355 pro
191 2320 276 2346 certo
296 2316 423 2347 sciebat.
469 2318 619 2348 Ceterum
637 2329 712 2348 voce
728 2330 778 2348 ar-

117 2360 216 2388 bitror
236 2359 282 2388 uti
306 2359 447 2388 solebant
471 2359 567 2389 etiam
582 2364 688 2397 testes,
704 2360 779 2390 lieet

118 2400 211 2431 iurati
238 2400 359 2439 aliquid
382 2401 548 2432 deferrent.
578 2403 617 2432 ef.
634 2412 717 2441 supr.
738 2403 780 2433 iii.

124 2452 170 2482 13.
194 2443 233 2473 iv.
251 2452 299 2480 40.
325 2442 391 2472 Cic.
410 2453 465 2481 pro
483 2443 575 2473 Font.
597 2453 642 2474 12.

162 2486 181 2515 S
204 2487 247 2515 In
261 2486 452 2522 Satricanis]
480 2485 531 2515 De
547 2486 781 2516 Satricanorum

121 2527 298 2557 defectione
314 2527 352 2556 ef.
369 2537 453 2565 supr.
470 2527 512 2557 ix.
533 2526 578 2558 16.
600 2527 653 2557 ubi
674 2532 781 2558 tamen

120 2569 164 2599 rei
186 2569 237 2598 hic
260 2575 454 2598 memoratae
480 2570 569 2599 nulla
593 2570 628 2599 fit
652 2571 780 2600 mentio.

123 2611 231 2641 Dona.

164 2663 183 2693 9
203 2654 364 2693 Sciretque
375 2654 480 2692 plebs]
503 2653 651 2683 Dubitari
669 2658 783 2693 potest,

122 2699 229 2725 utrum
255 2696 407 2725 mendum
435 2695 473 2725 sit
500 2695 532 2725 in
561 2697 653 2725 verbo
679 2698 782 2733 sciret,

122 2737 356 2776 legendumque
379 2737 430 2774 sit,
455 2739 619 2774 scisceret;
645 2748 684 2767 an
711 2749 783 2768 vero

123 2779 202 2809 haee
228 2780 321 2809 verba
346 2781 408 2810 scio
437 2784 468 2809 et
494 2781 588 2810 scisco
615 2780 783 2819 promiscui

123 2821 183 2851 sint
207 2831 293 2858 usus,
314 2827 345 2851 et
367 2822 502 2852 alterum
525 2822 655 2852 alterius
678 2823 782 2853 locum

823 2319 866 2349 sic
892 2320 979 2358 apud
1004 2320 1155 2350 Plautum
1179 2320 1210 2350 in
1235 2321 1395 2360 Amphitr.
1417 2322 1488 2351 Aet.

824 2372 851 2392 v.
870 2362 919 2392 Sc.
940 2372 964 2392 1.
982 2367 1017 2392 ut
1031 2364 1157 2392 sciscam
1178 2364 1255 2402 quid
1272 2364 1355 2399 velit,
1376 2363 1408 2392 id
1431 2368 1489 2399 est,

825 2409 861 2433 ut
875 2405 988 2439 sciam;
1011 2408 1043 2434 et
1055 2405 1141 2443 apud
1153 2409 1292 2434 nostrum
1310 2405 1379 2435 infr.
1390 2405 1488 2435 xxvii.

828 2454 875 2484 35.
896 2451 926 2476 et
944 2448 1166 2484 praesciscere,
1182 2458 1276 2486 qnam
1295 2448 1426 2486 quisque
1441 2458 1488 2478 eo-

825 2498 895 2516 ram
909 2489 1106 2526 provinciam
1125 2511 1131 2518 .
1149 2512 1155 2518 .
1173 2512 1180 2518 .
1197 2489 1334 2519 haberet.
1358 2490 1463 2520 CREV.

872 2539 881 2558 1
908 2530 1045 2559 Senatus
1060 2531 1203 2567 iuratus]
1234 2531 1378 2560 Iuratum
1402 2541 1489 2562 sena-

826 2575 893 2600 tum
918 2571 949 2600 in
974 2572 1065 2601 rebus
1086 2572 1279 2610 gravioribus
1299 2573 1489 2604 sententiam

827 2613 953 2649 dixisse,
964 2617 994 2643 et
1011 2614 1096 2652 apud
1108 2614 1293 2644 Ciceronem
1312 2616 1427 2654 passim
1444 2616 1489 2646 in—

828 2655 961 2691 venitur,
984 2660 1015 2685 et·
1037 2666 1088 2694 ap.
1112 2656 1237 2686 Livium
1261 2657 1330 2687 infr.
1347 2668 1422 2688 XXX.
1439 2668 1489 2696 40.

827 2697 893 2727 xlii.
906 2707 954 2727 21.
990 2698 1078 2728 Illud
1094 2700 1148 2738 qui
1164 2700 1307 2730 assidetis
1322 2704 1490 2739 propterea

827 2739 913 2776 addi,
932 2750 972 2770 ne
991 2740 1070 2770 forte
1086 2740 1118 2770 in
1133 2741 1345 2780 infrequentia
1363 2748 1491 2773 senatus

827 2782 935 2820 aliqua.
957 2792 1046 2812 mora
1067 2782 1203 2813 faciendi
1227 2785 1490 2815 senatusconsulti

828 2834 894 2854 esse
910 2829 1026 2863 posset,
1042 2830 1149 2855 monet
1167 2825 1306 2857 Gronov.
