1877 3178
123 220 167 250 U.
183 219 220 250 C.
244 227 317 258 540.

122 263 160 292 Α.
185 262 222 292 C.
245 271 315 291 212.

122 502 289 541 Singulare

123 555 231 574 eorum
249 554 313 574 cer-

122 591 240 617 tamen.

191 1009 252 1046 19.

125 1064 214 1095 Coss.
233 1073 288 1102 pu-

124 1110 222 1144 gnant
239 1115 310 1134 eum

126 1147 322 1184 Hannibale,

124 1200 227 1228 aequo
236 1190 321 1219 Mar-

128 1236 168 1262 te.

134 2263 181 2293 M.
199 2263 313 2294 Cente-

134 2305 215 2335 nius.

325 121 406 160 254
844 116 990 158 ΤΙΤΙ
1027 115 1203 157 LIVII

334 208 576 265 Crispinum
598 207 816 264 perpulere
845 207 1052 256 turmales,
1075 222 1127 247 ne
1156 207 1325 261 impune
1353 205 1548 247 insultare
1580 206 1705 247 Cam-

328 281 485 322 panum
515 274 737 322 pateretur.
800 264 946 320 Itaque
978 273 1139 304 tantum
1170 271 1363 312 moratus,
1395 263 1495 303 dum
1528 264 1705 319 impera-

330 332 437 364 tores
464 322 710 371 consuleret,
732 322 1074 377 permitterentne
1097 320 1174 361 sibi
1203 328 1319 361 extra
1340 319 1527 360 ordinem
1548 321 1592 360 in
1612 336 1706 376 pro·-

328 389 546 421 vocantem
586 379 746 420 hostem
788 393 985 434 pugnare,
1019 377 1219 433 permissu
1259 392 1401 417 eorum
1439 391 1551 417 arma
1581 377 1704 433 cepit,

330 452 570 493 equumque
596 436 850 483 conscendit,
880 444 922 476 et
951 435 1141 483 Badium,
1172 434 1340 474 nomine
1369 434 1632 489 compellans,
1654 434 1706 475 ad

330 509 512 550 pugnam
542 493 738 534 evocavit.
801 492 930 533 Nulla
958 507 1069 532 mora
1098 507 1121 532 a
1145 490 1362 546 Campano
1389 490 1497 531 facta
1525 498 1610 531 est:
1644 491 1707 530 in-

330 552 444 592 festis
474 551 592 606 equis
628 559 937 590 concurrerunt.
1003 549 1220 604 Crispinus
1256 563 1378 603 supra
1412 556 1574 588 scutum
1609 547 1707 588 sini-

331 618 460 649 strum
483 608 702 648 humerum
732 606 864 646 Badio
885 606 1000 646 hasta
1023 606 1237 654 transfixit,
1260 620 1465 660 superque
1494 604 1706 660 delapsum

332 680 426 705 eum
449 665 617 705 vulnere
640 679 692 704 ex
713 678 822 718 equo
843 663 1021 711 desiluit,
1040 672 1083 703 ut
1105 662 1231 717 pedes
1248 662 1451 702 iacentem
1473 662 1704 702 conficeret.

333 722 501 770 Badius,
523 721 762 776 priusquam
785 720 1097 774 opprimeretur,
1116 735 1256 774 parma
1277 727 1399 774 atque
1421 734 1530 774 equo
1551 719 1705 767 relicto,

331 779 384 819 ad
424 793 518 819 suos
554 778 723 832 aufugit.
788 776 1017 831 Crispinus,
1055 791 1222 831 equum,
1265 791 1458 831 armaque
1499 784 1629 831 capta,
1666 784 1708 816 et

332 845 546 876 cruentam
577 833 789 889 cuspidem
823 834 992 888 insignis
1020 834 1158 888 spoliis
1186 841 1407 881 ostentans,
1434 848 1529 873 cum
1560 847 1709 888 magna

331 892 453 932 laude
487 900 528 932 et
563 890 838 946 gratulatione
869 890 1060 938 militum,
1097 890 1149 930 ad
1180 890 1367 930 consules
1398 898 1459 930 est
1489 890 1706 938 deductus,

332 948 604 1003 laudatusque
626 948 683 988 ibi
705 947 937 1003 magnifice,
960 956 1002 987 et
1022 947 1141 987 donis
1162 947 1349 987 donatus.

392 1004 603 1045 Hannibal
625 1020 676 1045 ex
699 1019 795 1059 agro
818 1004 1114 1044 Beneventano
1142 1012 1272 1044 castra
1292 1004 1343 1044 ad
1368 1002 1555 1059 Capuam
1578 1018 1707 1058 quum

334 1063 537 1110 movisset,
580 1061 700 1102 tertio
740 1070 832 1116 post
871 1061 951 1109 die,
990 1075 1114 1115 quam
1156 1061 1282 1109 venit,
1317 1061 1453 1116 copias
1492 1061 1535 1100 in
1577 1061 1707 1101 aciem

334 1119 500 1160 eduxit:
534 1118 856 1173 haudquaquam
879 1117 1041 1166 dubius,
1064 1117 1177 1172 quod
1202 1117 1438 1172 Campanis,
1462 1118 1629 1158 absente
1651 1133 1706 1166 se,

333 1191 485 1231 paucos
507 1184 601 1216 ante
630 1175 718 1215 dies
739 1175 920 1215 secunda
946 1175 1089 1214 fuisset
1116 1190 1268 1229 pugna,
1291 1174 1393 1228 quin
1421 1174 1552 1214 multo
1574 1174 1710 1214 minus

333 1248 375 1273 se
412 1248 616 1287 suumque
655 1232 775 1272 toties
805 1232 1001 1272 victorem
1034 1232 1263 1271 exercitum
1294 1230 1494 1271 sustinere
1529 1231 1709 1271 Romani

332 1299 509 1345 possent.
569 1289 781 1338 Ceterum,
798 1298 1015 1344 postquam
1030 1288 1202 1343 pugnari
1221 1296 1413 1342 coeptum
1430 1296 1502 1337 est,
1521 1288 1709 1343 equitum

333 1348 512 1387 maxime
527 1347 706 1395 incursu,
722 1361 851 1401 quum
868 1346 1010 1386 iaculis
1023 1346 1276 1394 obrueretur,
1294 1345 1503 1385 laborabat
1521 1345 1711 1385 Romana

332 1404 461 1444 acies:
496 1404 629 1444 donec
651 1403 814 1458 signum
837 1403 1045 1458 equitibus
1067 1403 1207 1442 (latum
1231 1412 1303 1451 est,
1328 1411 1373 1442 ut
1394 1402 1435 1442 in
1458 1402 1617 1443 hostem
1638 1402 1710 1442 ad-

333 1461 546 1501 mitterent
567 1476 705 1515 equos.
769 1459 833 1500 Ita
864 1469 1054 1514 equestre
1084 1459 1286 1515 proelium
1314 1468 1425 1507 crat3
1459 1475 1588 1514 quum
1616 1474 1710 1514 pro·-

332 1517 400 1558 cul
421 1517 529 1557 visus
561 1517 883 1572 Sempronianus
911 1517 1127 1565 exercitus,
1150 1517 1216 1557 cui
1242 1516 1320 1556 Cn.
1340 1515 1560 1557 Cornelius
1585 1532 1710 1571 quae-

333 1584 418 1615 stor
437 1584 636 1629 praeerat,
659 1575 823 1628 utrique
846 1574 950 1628 parti
972 1589 1110 1628 parem
1138 1583 1293 1613 metum
1320 1574 1520 1628 praebuit,
1543 1589 1595 1614 ne.
1617 1573 1711 1613 hos-

334 1640 395 1672 tes
423 1631 519 1671 novi
548 1630 829 1670 adventarent.
893 1630 1020 1670 Velut
1050 1646 1101 1670 ex
1133 1631 1361 1685 composito
1392 1631 1599 1685 utrimque
1630 1631 1711 1685 sig-

335 1703 435 1728 num
471 1688 655 1743 receptui
692 1687 860 1727 datum:
905 1686 1149 1741 reductique
1181 1687 1221 1726 in
1255 1696 1384 1727 castra
1414 1703 1541 1742 prope
1577 1703 1711 1742 aequo

338 1745 474 1785 Elarte
504 1745 789 1784 discesserunt.
852 1743 997 1783 Plures
1026 1752 1162 1783 tamen
1193 1744 1242 1783 ab
1267 1744 1466 1784 Romanis
1487 1745 1620 1799 primo
1648 1745 1711 1784 in-

336 1816 459 1842 cursu
480 1802 668 1856 equitum
690 1800 940 1841 ceciderunt.

394 1858 499 1899 Inde
528 1858 727 1905 consules,
751 1866 797 1897 ut
826 1866 1057 1897 averterent
1083 1856 1230 1912 Capua
1259 1856 1550 1906 Hannibalem,
1573 1868 1708 1907 nocte,

337 1930 443 1970 quae
484 1924 624 1956 secuta
663 1924 736 1963 est,
777 1914 940 1962 diversi,
983 1914 1150 1954 Fulvius
1189 1914 1231 1953 in
1273 1929 1414 1968 agrum
1459 1913 1710 1964 Cumanum,

340 1972 544 2013 Claudius
560 1972 602 2011 in
625 1971 816 2011 Lucanos
838 1971 947 2011 abiit.
1010 1971 1180 2010 Postero
1197 1970 1278 2019 die,
1294 1985 1423 2025 quum
1439 1986 1567 2011 vacua
1583 1982 1713 2013 castra
1727 1986 1743 2017 7

338 2044 425 2070 esse
464 2029 747 2069 Romanorum
784 2028 1022 2068 nuntiatum
1060 2027 1287 2067 Hannibali
1320 2037 1438 2076 esset,
1476 2037 1518 2068 et
1552 2028 1713 2070 duobus

338 2086 571 2141 agminibus
592 2086 774 2125 diversos
795 2085 964 2133 abiisse,
997 2084 1178 2125 incertus
1198 2085 1343 2139 primo,
1366 2094 1503 2125 utrum
1521 2100 1714 2141 sequere-

339 2152 418 2191 tur,
452 2143 637 2198 Appium
670 2142 818 2183 institit
845 2142 973 2196 sequi.
1036 2141 1124 2189 Ille,
1157 2141 1439 2182 circumducto
1470 2141 1600 2191 hoste,
1632 2159 1714 2198 qua

338 2199 481 2248 voluit,
513 2199 592 2240 alio
624 2200 770 2239 itinere
802 2199 854 2239 ad
889 2198 1076 2253 Capuam
1108 2198 1241 2238 rediit.
1305 2197 1531 2238 Hannibali
1563 2199 1641 2240 alia
1670 2201 1713 2240 in

340 2256 404 2296 his
424 2256 523 2296 locis
547 2257 653 2296 bene
678 2256 885 2311 gerendae
912 2256 967 2295 rei
991 2255 1154 2295 fortuna
1180 2255 1315 2295 oblata
1342 2263 1414 2295 est.
1477 2255 1537 2295 Μ.
1557 2255 1714 2298 Cente-

340 2313 433 2354 nius
452 2313 531 2353 fuit
551 2313 798 2368 cognomine
820 2311 991 2360 Penula,
1014 2312 1186 2366 insignis
1207 2312 1315 2351 inter
1334 2312 1456 2366 primi
1476 2312 1549 2367 pili
1569 2322 1714 2354 centu-

340 2371 477 2411 riones
507 2378 549 2410 ct
579 2370 865 2425 magnitudine
897 2368 1076 2423 corporis
1107 2377 1149 2408 et
1178 2369 1327 2409 animo.
1390 2368 1442 2417 Is,
1474 2369 1714 2424 perfunctus

340 2427 499 2476 militia,
522 2442 596 2483 per
616 2427 662 2467 P.
685 2426 929 2467 Cornelium
954 2425 1109 2465 Sullam
1131 2433 1359 2480 praetorem
1378 2425 1421 2465 in
1443 2435 1629 2467 senatum
1651 2427 1714 2467 in-

341 2484 569 2533 troductus,
592 2485 696 2540 petit
716 2499 740 2524 a
767 2483 971 2531 Patribus,
995 2483 1055 2522 uti
1077 2482 1153 2522 sibi
1174 2483 1359 2538 quinque
1382 2483 1510 2523 millia
1536 2484 1713 2525 militum

341 2540 549 2581 darentur.
609 2547 620 2564 ⁶
638 2540 703 2589 Se,
721 2541 901 2596 peritum
919 2549 960 2580 et
982 2539 1108 2579 hostis
1124 2548 1166 2579 et
1187 2539 1416 2594 regionum,
1434 2540 1547 2580 brevi
1567 2554 1714 2597 operae

344 2602 356 2619 ‘
372 2598 549 2651 pretium
570 2599 799 2645 facturum3
832 2606 886 2645 et,
909 2597 1059 2652 quibus
1079 2597 1234 2636 artibus
1251 2596 1303 2636 ad
1324 2596 1367 2636 id
1388 2596 1571 2637 locorum
1588 2598 1715 2638 nostri
1728 2610 1746 2639 8

389 2760 405 2791 7
428 2755 470 2783 Inr
487 2756 631 2784 Lucanos
646 2758 740 2792 abiit]
771 2756 869 2785 Haud
887 2766 955 2785 raro
970 2755 1010 2785 ad
1102 2756 1121 2784 8
1144 2756 1197 2784 Ad
1221 2756 1254 2784 id
1283 2756 1434 2792 locorum]
1475 2757 1525 2785 Ad
1555 2755 1586 2784 id
1618 2764 1714 2792 usque

345 2795 492 2824 ultimum
510 2797 665 2826 duntaxat
682 2808 797 2827 nomen
812 2799 941 2827 verbum
958 2807 1008 2835 ap.
1054 2800 1190 2835 tempus,
1223 2797 1260 2827 cf.
1278 2807 1360 2834 supr.
1379 2797 1454 2827 xxii.
1472 2798 1520 2835 38.
1544 2797 1584 2826 ix.
1602 2806 1650 2834 45.

347 2837 472 2866 Livium
490 2838 629 2867 refertur.
662 2840 700 2868 cs.
717 2849 801 2876 supr.
819 2850 848 2868 x.
865 2851 913 2875 44.
