1825 3173
84 225 128 256 U.
145 225 182 255 C.
201 233 261 262 534

223 255 229 263 ι

84 269 122 297 Α.
147 268 184 296 (3.
203 268 262 295 ¹218

149 310 216 348 55.

90 506 259 537 Hannibal

89 549 191 579 aciem
208 549 252 578 in-

90 591 193 622 struit.

102 1013 265 1046 Proelium

100 1055 271 1087 committi-

102 1104 162 1130 tur.

297 132 351 172 50
801 121 949 164 TITI
991 117 1165 162 LIVH

300 218 460 267 tudine,
482 215 735 272 procedente
764 214 846 254 iam
874 212 956 261 dic,
979 212 1087 252 fame
1116 210 1241 250 etiam
1262 207 1453 248 deficere.
1516 202 1683 246 Hanni-

301 275 403 317 balis
423 273 590 315 interim
612 272 742 320 miles,
759 270 925 326 ignibus
943 277 1038 309 ante
1061 266 1240 308 tentoria
1259 263 1388 311 factis,
1411 262 1587 317 oleoque
1608 274 1684 316 per

303 331 550 387 manipulos,
582 337 629 370 ut
659 327 869 368 mollirent
909 333 1033 373 artus,
1065 324 1201 371 misso,
1234 330 1276 362 et
1315 320 1408 360 cibo
1447 333 1523 374 per
1552 318 1684 359 otium

303 397 438 444 capto,
460 387 532 428 ubi
554 395 823 440 transgressos
843 383 1001 423 flumen
1029 381 1169 422 hostes
1194 378 1433 419 nuntiatum
1454 384 1528 424 est,
1551 375 1687 415 alacer

304 445 451 487 animis
475 443 799 499 corporibusque
822 454 934 480 arma
961 438 1084 493 capit,
1107 445 1232 491 atque
1259 435 1302 475 in
1331 433 1460 473 aciem
1482 430 1684 487 procedit.

307 502 491 543 Baliares
520 500 628 541 locat
668 508 764 539 ante
804 497 935 551 signa,
965 495 1099 535 levem
1140 500 1402 538 armaturam,
1435 497 1528 530 octo
1558 487 1688 528 ferme

307 559 436 600 millia
476 557 716 603 hominunr3
765 554 863 594 dein
902 551 1132 607 graviorem
1174 549 1295 589 armis
1334 546 1533 603 peditem,
1575 542 1687 598 quod

307 616 470 663 virium,
494 613 607 669 quod
635 611 792 652 roboris
820 618 929 650 erat:
963 609 1008 648 in
1032 607 1225 648 cornibus
1253 602 1521 645 circumfudit
1544 600 1691 640 decem

310 672 439 713 millia
460 671 672 726 equitum3
706 677 749 708 et
769 668 819 707 ab
841 666 1034 707 cornibus
1056 665 1098 704 in
1120 672 1338 716 utramque
1360 668 1520 715 partem
1540 656 1692 697 divisos

311 728 554 784 elephantos
575 725 731 766 statuit.
768 722 929 764 Consul
950 722 1100 762 effusos
1122 728 1342 774 sequentes
1364 716 1537 771 equites,
1561 726 1693 768 quum

312 787 363 827 ab
384 783 669 826 resistentibus
691 781 827 822 subito
850 779 1048 819 Numidis
1070 776 1226 817 incauti
1247 775 1552 829 exciperentur,
1575 770 1694 825 signo

313 841 499 897 receptui
528 840 638 887 dato,
662 845 872 878 revocatos
892 834 1167 876 circumdedit
1194 832 1414 888 peditibus.
1477 817 1728 887 Duodevi-g‘

313 899 420 954 giuti
441 897 570 938 millia
594 894 775 936 Romani
806 901 937 941 erant,
960 891 1116 932 socium
1148 888 1328 930 nominis
1359 885 1500 927 Latini
1521 881 1693 939 viginti3
1709 888 1729 920 6

316 955 470 996 auxilia
494 960 708 1009 praeterea
739 950 1101 991 Cenomanorum:
1136 962 1185 986 ea
1212 945 1297 985 sola
1318 945 1361 984 in
1386 943 1468 983 fide
1490 946 1699 981 manserat

320 1012 483 1052 Gallica
521 1024 633 1065 gens.
705 1007 785 1047 His
825 1006 954 1061 copiis
993 1017 1241 1045 coneursum
1282 1009 1353 1041 est.
1422 997 1636 1039 Proelium
1676 1009 1700 1035 a

318 1068 549 1108 Baliaribus
570 1065 706 1106 ortum
729 1073 813 1111 cst3
847 1062 998 1117 quibus
1019 1074 1150 1115 quum
1172 1059 1325 1097 maiore
1347 1057 1493 1096 robore
1515 1054 1701 1108 legiones

319 1125 577 1170 obsisterent,
609 1121 813 1161 deductae
854 1132 1029 1172 propere
1062 1117 1104 1154 in
1135 1128 1290 1154 cornua
1329 1113 1439 1152 leves
1470 1118 1701 1151 armaturae

319 1189 427 1221 sunt.
494 1179 614 1226 Quae
646 1191 710 1216 res
741 1175 892 1222 effecit,
924 1171 1210 1226 litxequitatus
1243 1170 1459 1209 Romanus
1489 1164 1702 1220 extemplo

320 1244 559 1292 urgeretur:
608 1248 705 1273 nam
737 1245 867 1286 quum
897 1229 968 1268 vix
1000 1229 1081 1268 iam
1112 1241 1187 1281 per
1216 1241 1258 1266 se
1290 1226 1528 1265 resisterent
1557 1222 1705 1262 decem

321 1290 504 1334 millibus
525 1290 714 1345 equitum
737 1296 933 1342 quattuor
953 1284 1095 1333 millia,
1113 1292 1155 1324 et
1175 1282 1268 1323 fessi
1290 1281 1498 1337 plerisque
1520 1277 1704 1334 integris,

323 1349 461 1391 obruti
482 1357 579 1389 sunt
601 1347 769 1400 insuper
789 1343 904 1383 velut
924 1343 1035 1382 nube
1058 1340 1285 1381 iaculorum
1308 1354 1331 1378 a
1353 1337 1585 1377 Baliaribus
1606 1349 1707 1376 con-

325 1409 442 1447 iecta.
506 1404 578 1444 Ad
598 1404 677 1442 hoc
703 1399 927 1455 elephanti,
950 1398 1182 1438 eminentes
1210 1396 1260 1435 ab
1282 1394 1478 1435 extremis
1499 1392 1706 1440 cornibus,

325 1463 444 1518 equis
474 1460 654 1500 maxime
687 1472 770 1497 non
803 1457 893 1496 visu
923 1455 1060 1502 modo,
1083 1453 1156 1493 sed
1187 1452 1313 1492 odore
1344 1451 1511 1490 insolito
1542 1448 1707 1496 territis,

326 1521 465 1573 {fugam
487 1518 566 1557 late
598 1515 815 1555 faciebant.
879 1511 1089 1552 Pedestris
1119 1524 1260 1565 pugna
1290 1523 1364 1563 par
1394 1506 1542 1547 animis
1563 1505 1707 1560 magis,

327 1573 453 1631 quam
488 1573 654 1620 viribus,
692 1579 802 1618 eratg
855 1583 957 1624 quas
989 1576 1177 1607 recentes
1215 1566 1396 1613 Poenus,
1433 1562 1573 1618 paullo
1612 1570 1708 1602 ante

328 1632 480 1673 curatis
512 1629 764 1684 corporibuS,
800 1627 839 1666 in
873 1625 1078 1681 proelium
1111 1622 1326 1663 attulerat:
1380 1628 1535 1667 contra,
1570 1619 1711 1659 ieiuna

330 1690 515 1743 fessaque
556 1700 729 1740 corpora
773 1682 974 1723 Romanis
1021 1690 1063 1721 et
1109 1679 1287 1734 rigentia
1332 1677 1431 1733 gelu
1477 1676 1708 1731 torpebant.

350 1745 598 1786 restitissent
619 1751 758 1782 tamen
786 1739 946 1787 animis,
969 1738 1000 1777 si
1030 1752 1126 1777 eum
1154 1735 1295 1791 pedite
1327 1734 1460 1775 solum
1480 1732 1587 1772 foret
1606 1746 1710 1786 pug-

331 1812 487 1843 natum.
572 1799 655 1839 Sed
688 1806 730 1838 et
771 1796 966 1843 Baliares,
1000 1794 1120 1849 pulso
1160 1792 1315 1847 equite,
1349 1789 1634 1831 iaculabantur
1668 1788 1712 1827 in

332 1860 472 1907 latera,
504 1866 546 1897 et
576 1854 788 1910 elephanti
828 1853 910 1893 iam
941 1852 985 1891 in
1017 1850 1197 1890 mediam
1237 1849 1428 1904 peditum
1463 1846 1594 1886 aciem
1625 1859 1713 1885 sese

335 1916 535 1956 tulerant:
569 1922 611 1953 et
633 1911 762 1966 Mago
792 1908 1102 1962 Numidaeque,
1125 1906 1248 1946 simul
1275 1905 1451 1945 latebras
1472 1917 1615 1943 eorum
1636 1901 1715 1941 im-

334 1971 506 2027 provida
526 1968 772 2025 praeterlata
798 1967 905 2007 acies
934 1973 1008 2014 est,
1030 1963 1164 2004 exorti
1193 1963 1243 2002 ab
1272 1970 1388 2016 tergo
1413 1960 1628 2014 ingentem
1649 1966 1716 1998 tu-

336 2028 513 2068 multum
535 2042 581 2066 ae
604 2034 801 2066 terrorem
821 2023 968 2063 secere.
1021 2021 1186 2061 Tamen
1206 2019 1251 2058 in
1273 2026 1335 2058 tot
1354 2015 1717 2058 circumstantibus

337 2085 453 2125 malis
488 2082 639 2122 mansit
674 2079 929 2135 aliquamdiu
971 2078 1144 2117 immota
1175 2075 1296 2124 acies,
1333 2074 1512 2114 maxime
1552 2079 1748 2127 praeter7

338 2156 452 2196 spem
484 2139 672 2179 onmium
712 2138 907 2177 adversus
947 2134 1201 2189 elephantos.
1284 2131 1368 2171 Eos
1403 2130 1558 2177 velites,
1590 2127 1644 2168 ad
1673 2126 1750 2167 id8

339 2198 472 2253 ipsum
512 2195 646 2243 locati,
693 2193 848 2234 verutis
894 2191 1092 2232 coniectis
1138 2198 1180 2230 et
1220 2196 1418 2235 avertere,
1460 2194 1502 2226 et
1541 2183 1718 2225 insecuti

340 2268 501 2294 aversos
531 2253 607 2292 sub
639 2250 793 2299 caudis,
816 2264 900 2305 qua
929 2247 1109 2288 maxime
1140 2245 1254 2286 molli
1285 2252 1380 2285 cute
1410 2241 1583 2283 vulnera
1612 2240 1719 2281 acci-

383 2388 402 2415 4
425 2376 639 2407 Circumdedie
659 2376 835 2415 peditibus]
873 2372 1008 2404 Locavit

340 2430 359 2449 a
375 2420 487 2449 dextra
502 2419 656 2455 laevaque
673 2417 827 2455 peditum.
852 2416 958 2447 ΟΜΝ.

391 2470 407 2499 5
431 2461 659 2497 D'notleviyz’ntz'
685 2460 785 2488 millia
812 2459 949 2488 Romani
979 2467 1008 2487 e-

343 2504 435 2539 rant]
461 2512 503 2532 sc.
522 2501 665 2537 Pedites3
688 2501 742 2530 sed
756 2498 877 2539 μυρίους
892 2500 1009 2537 ἑξακισ-

344 2543 465 2581 χιλίους
487 2544 583 2572 habet
608 2543 722 2581 Polyb.
747 2542 801 2580 qni
824 2542 919 2571 etiam
945 2550 1010 2570 mo-

345 2589 412 2620 net,
435 2585 519 2622 quod
541 2584 674 2620 mireris,
697 2584 820 2621 quoties
842 2585 881 2612 ob
905 2582 1011 2612 discri-

346 2636 420 2654 men
441 2635 583 2654 summae
606 2635 710 2654 rerum
732 2625 839 2663 copias
860 2625 1012 2654 coniunx-

347 2667 428 2696 erint
445 2666 600 2701 consules,
616 2667 747 2703 plenum
765 2666 941 2696 exercitum
958 2675 1012 2704 pe-

348 2707 415 2746 puli
431 2708 525 2736 Rom.
537 2717 576 2735 ex
589 2716 647 2735 XVI
666 2717 699 2736 M.
714 2708 858 2745 peditum
872 2711 903 2736 et
917 2717 964 2736 xx
979 2717 1012 2737 M.

347 2749 503 2778 sociorum
520 2747 705 2777 constitisse.
730 2750 815 2779 RUP.

390 2789 409 2819 6
432 2789 552 2819 Sat-mm
570 2790 706 2819 nominis
721 2791 848 2827 Latini]
874 2790 904 2820 h.
919 2801 945 2819 e.
960 2790 1013 2819 So<

350 2832 467 2861 ciorum
488 2830 673 2860 Italicorum
690 2834 721 2858 et
738 2831 874 2859 nominis
894 2830 1014 2865 Latini,

1052 2371 1090 2402 cf.
1107 2372 1178 2401 infr.
1195 2369 1280 2400 xxvi.
1301 2379 1347 2408 15.

1097 2420 1112 2452 7
1135 2414 1282 2443 Illaoeime
1307 2414 1440 2450 praeter
1467 2419 1553 2448 spem
1582 2408 1722 2438 onmium

1053 2456 1206 2486 adversus
1221 2453 1420 2493 elephantos]
1448 2452 1487 2482 In
1504 2460 1567 2489 quo
1582 2449 1615 2480 id
1634 2459 1722 2479 max-

1053 2497 1118 2526 ime
1147 2500 1272 2535 praeter
1301 2504 1391 2533 spem
1422 2492 1564 2523 omnium
1594 2490 1724 2525 accidit,

1056 2539 1140 2577 quod
1164 2538 1260 2568 etiarn
1283 2538 1433 2567 adversus
1456 2534 1645 2573 elephantos
1667 2532 1723 2562 ali-

1056 2580 1209 2619 quamdiu
1225 2580 1377 2609 restitere.
1403 2578 1508 2608 CREV.

1100 2623 1118 2652 8
1141 2624 1206 2652 Eos
1223 2621 1345 2657 velites]
1382 2620 1435 2649 Ita
1457 2618 1646 2647 iaculatores
1669 2625 1726 2654 per

1057 2663 1230 2703 prolepsim
1254 2662 1400 2701 appellat
1416 2659 1537 2695 Livius,
1552 2667 1651 2696 quum
1674 2666 1725 2686 ve-

1059 2706 1130 2736 lites
1153 2706 1283 2734 demum
1306 2703 1339 2732 in
1362 2701 1525 2732 obsidione
1541 2700 1675 2737 Capuae
1692 2698 1725 2728 in

1058 2747 1200 2777 exercitu
1229 2747 1377 2775 Romano
1403 2741 1548 2772 instructi
1574 2741 1646 2771 sint.
1685 2740 1724 2771 cf.

1059 2789 1129 2818 infr.
1147 2787 1233 2817 xxvi.
1250 2798 1277 2824 4.
