1871 3178
519 68 643 110 LIB.
681 69 850 110 XXIX.
900 71 1044 111 CAP.
1080 75 1116 111 (ἰ.
1434 77 1515 115 465

131 156 376 198 Masinissae
400 158 769 206 adhortationibus,
793 169 834 200 et
863 161 1074 209 militibus,
1108 162 1304 215 praedam
1336 179 1388 203 ex
1420 164 1515 205 hos-
1531 177 1572 208 U,
1590 178 1627 209 c,
1652 187 1723 218 547-

130 213 232 254 tium
261 223 367 255 terra
388 217 654 256 cernentibus
677 226 761 257 tota
782 217 908 257 classe
931 218 1080 266 efferri,
1104 219 1286 258 accensis
1318 220 1368 259 ad
1403 222 1513 261 traii-
1527 220 1565 251 Λ·
1591 222 1628 252 C·
1652 231 1721 260 205·

127 270 322 310 ciendum
347 288 469 326 quam
493 273 686 327 primum,
712 274 932 314 intervenit
963 274 1108 314 maiori
1140 275 1276 314 minor
1301 277 1509 328 cogitatio,

127 326 283 367 Locros
326 329 469 369 urbem
512 330 752 384 recipiendi,
791 346 896 385 quae
938 331 1014 370 sub
1051 330 1328 371 defectionem
1367 333 1508 375 Italiae
1525 344 1615 373 Locri
1633 355 1677 375 re-

94 393 111 423 5
126 383 351 425 desciverat
375 395 413 425 et
438 386 524 440 ipsa
545 386 596 426 ad
616 386 789 427 Poenos.
856 388 958 442 Spes
981 396 1119 427 autem
1142 388 1398 429 affectandae
1421 391 1509 431 cius
1522 386 1618 425 “⁰1¹⁶-

124 440 182 480 rci
214 456 265 481 ex
298 442 469 482 minima
501 457 543 483 rc
575 443 737 483 affulsit.
801 443 1050 484 Latrociniis
1080 444 1222 497 magis,
1245 460 1371 499 quam
1401 446 1508 488 iusto

122 496 245 546 bello,
282 498 325 538 iu
361 498 535 539 Bruttiis
566 501 818 554 gerebantur
850 515 939 548 res3
983 501 1188 555 principio
1224 502 1274 541 ab
1310 501 1508 545 Numidis

121 552 243 603 facto,
266 563 305 594 ct
330 555 516 604 Bruttiis,
539 572 623 595 nou
645 557 840 597 societate
864 557 993 611 magis
1015 557 1188 606 Punica,
1212 573 1337 613 quam
1359 570 1506 615 suopte

122 609 304 665 ingenio,
326 613 652 667 congruentibus
674 613 716 652 in
738 628 833 653 eum
857 628 1026 654 morem.
1089 613 1306 655 Postremo
1325 615 1505 657 Romani

120 681 303 722 quoque,
328 669 408 709 iam
430 669 677 724 contagione
696 669 874 723 quadam
897 678 1016 725 rapto
1038 670 1282 725 gaudentes,
1301 682 1505 727 quantum

118 737 194 778 per
214 724 341 765 duces
361 725 522 774 licebat,
546 726 812 766 excursiones
833 727 876 766 in
898 726 1079 767 hostium
1102 743 1221 782 agros
1242 729 1386 769 facere.
1435 730 1504 771 Ab

118 779 167 819 iis
189 782 339 835 egressi
357 782 527 836 quidam
550 783 694 822 urbem
714 782 945 823 Locrenses
967 784 1252 833 circumventi,
1271 785 1505 840 Rhegium-

118 851 200 890 que
223 838 415 878 abstracti
436 838 610 878 fuerant.
665 838 717 878 In
739 854 788 879 eo
811 840 1069 894 captivorum
1092 856 1266 881 numero
1288 842 1391 882 fabri
1411 843 1504 897 qui-

117 893 212 933 dam
233 893 362 942 fuere,
385 895 536 935 assueti
558 895 661 935 forte
683 895 795 950 apud
818 896 981 936 Poenos
1003 897 1193 937 mercede
1217 913 1320 953 opus
1344 899 1387 938 in
1409 915 1501 940 arce

116 948 346 990 Locrorum
376 951 522 991 facere.
586 951 635 999 Ii,
665 952 819 1005 cogniti
851 953 901 992 ab
928 952 1201 993 Locrensium
1230 954 1500 1010 principibus,

115 1007 187 1060 qui
219 1007 326 1061 pulsi
359 1008 409 1048 ab
437 1008 608 1049 adversa
632 1008 824 1054 factione,
849 1024 954 1064 quae
980 1009 1208 1049 Hannibali
1232 1010 1387 1051 Locros
1420 1020 1501 1052 tra-

115 1062 289 1112 diderat,
315 1064 527 1119 Rhegium
550 1080 591 1105 sc
614 1065 890 1114 contulerant,
915 1081 1044 1120 quum
1067 1075 1204 1106 cetera
1224 1076 1501 1121 percunctan-

115 1119 237 1168 tibus,
260 1120 327 1169 <ut
358 1136 445 1161 mos
474 1130 547 1169 est,
578 1121 650 1176 qui
679 1121 753 1161 diu
784 1122 954 1175 absunt)
980 1137 1085 1177 qnae
1117 1123 1233 1163 dorni
1263 1134 1497 1178 agerentur,

114 1177 414 1232 exposuissent,
437 1193 553 1233 spem
574 1178 774 1226 fecerunt,
798 1178 831 1218 si
856 1178 1061 1233 redempti
1093 1195 1139 1220 ac
1170 1181 1327 1220 remissi
1349 1181 1497 1231 forent,

114 1247 249 1274 arcem
272 1249 313 1274 se
337 1234 385 1273 iis
407 1234 641 1275 tradituros.
704 1235 769 1274 Ibi
794 1250 835 1275 se
862 1235 1060 1284 habitare,
1083 1236 1294 1291 fidemque
1326 1237 1403 1278 sibi
1435 1253 1499 1279 re—

114 1304 205 1330 rum
238 1291 426 1330 omnium
458 1291 567 1331 inter
600 1291 967 1346 Carthaginienses
999 1307 1097 1333 esse.
1161 1293 1322 1348 Itaque,
1352 1302 1398 1335 ut
1426 1295 1498 1350 qui

112 1346 236 1386 simul
272 1347 478 1388 desiderio
514 1348 671 1403 patriae
708 1357 972 1403 angerentur,
1010 1349 1133 1389 simul
1169 1350 1397 1405 cupiditate
1434 1352 1499 1391 in-

112 1402 256 1443 imicos
287 1404 515 1444 ulciscendi
547 1404 752 1453 arderent,
779 1405 1006 1460 redemptis
1034 1406 1245 1461 extemplo
1276 1407 1325 1447 iis
1356 1407 1499 1448 remis-

110 1459 262 1514 sisque,
278 1476 409 1515 quum
430 1461 619 1501 ordinem
641 1461 827 1516 agendae
848 1461 907 1501 rei
925 1463 1264 1516 composuissent,
1279 1463 1495 1519 signaque,

111 1530 218 1570 quae
240 1517 383 1572 procul
405 1517 519 1557 edita
539 1518 815 1566 observarent,
839 1518 917 1573 ipsi
939 1518 991 1558 ad
1016 1517 1254 1574 Scipionem
1275 1519 1496 1575 Syracusas

110 1573 298 1627 profecti,
321 1574 433 1629 apud
454 1589 579 1628 quem
608 1589 700 1629 pars
722 1574 912 1615 exsulum
935 1582 1033 1624 erat,
1057 1576 1282 1616 referentes
1312 1577 1370 1616 ibi
1400 1592 1496 1632 pro-

110 1629 234 1670 missa
263 1631 533 1685 captivorum,
557 1646 687 1686 quum
718 1646 834 1686 spem
866 1631 916 1671 ab
941 1631 1095 1672 effectu
1124 1631 1238 1672 haud
1268 1632 1496 1673 abhorren-

110 1693 195 1726 tem
217 1687 377 1727 consuli
397 1687 614 1735 fecissent3
650 1687 806 1728 tribuni
838 1687 1017 1728 militum
1045 1703 1141 1728 cum
1169 1688 1218 1728 iis
1241 1688 1303 1729 M.
1326 1688 1496 1744 Sergius

109 1750 153 1782 et
165 1742 211 1783 P.
229 1742 443 1784 Matienus
465 1743 589 1792 missi,
605 1743 787 1799 iussique
809 1744 859 1784 ab
878 1743 1045 1799 Rhegio
1064 1745 1144 1785 tria
1164 1744 1293 1785 millia
1314 1746 1494 1786 militum

76 1798 266 1840 6Locr0s
301 1800 480 1841 ducere:
518 1808 561 1840 et
595 1799 647 1847 Q.
671 1800 879 1841 Pleminio
912 1801 1169 1856 propraetori
1202 1801 1413 1857 seriptum,
1448 1810 1495 1843 ut

108 1855 169 1896 rei
199 1856 385 1911 agendae
418 1856 591 1897 adesset.
654 1856 836 1897 Profecti
867 1857 918 1897 ab
950 1857 1129 1912 Rhegio,
1162 1858 1291 1898 scalas
1322 1859 1375 1899 ad
1405 1859 1494 1900 edi-

109 1920 194 1953 tam
230 1913 495 1953 altitudinem
531 1913 634 1954 arcis
673 1913 889 1954 fabricatas
924 1922 1149 1968 portantes,
1186 1915 1326 1955 media
1364 1915 1493 1955 ferme

108 1977 231 2010 nocte
262 1984 315 2010 ex
346 1984 396 2010 eo
426 1969 530 2018 1000,
553 1969 666 2009 unde
692 1978 954 2017 convenerat,
984 1969 1149 2024 signum
1170 1970 1324 2010 dedere
1353 1971 1493 2025 prodi-

110 2025 267 2066 toribus
297 2025 411 2066 arcis.
478 2025 563 2073 Qui
594 2025 726 2080 parati
757 2025 1006 2080 intentique,
1030 2034 1072 2065 et
1096 2026 1174 2080 ipsi
1205 2026 1332 2066 scalas
1363 2026 1416 2066 ad
1448 2027 1493 2066 id

107 2081 245 2137 ipsum
285 2081 411 2122 factas
447 2096 578 2136 quum
614 2081 889 2129 demisissent,
926 2081 1198 2137 pluribusque
1235 2081 1357 2122 simul
1391 2082 1493 2123 locis

108 2137 356 2179 scandentes
380 2138 648 2193 accepissent,
675 2138 916 2193 priusquam
949 2137 1104 2178 clamor
1136 2138 1325 2187 oriretur,
1357 2140 1401 2178 in
1431 2139 1493 2178 vi-

107 2194 212 2249 giles
232 2194 484 2244 Poenorum,
508 2204 554 2235 ut
581 2195 625 2234 in
654 2194 769 2235 nullo
792 2194 863 2235 tali
894 2202 1021 2243 mem,
1044 2194 1199 2250 sopitos
1224 2195 1404 2250 impetus
1431 2203 1494 2235 est

107 2251 251 2291 factus.
322 2252 514 2298 Quorum
549 2251 729 2306 gemitus
768 2251 903 2306 primo
939 2251 1207 2291 morientium
1242 2251 1489 2299 exauditus3

108 2307 262 2347 deinde
295 2307 431 2347 subita
463 2307 743 2348 consternatio
776 2322 829 2347 ex
862 2322 1007 2347 somno
1040 2316 1082 2348 et
1115 2307 1329 2356 tumultus,
1360 2322 1492 2362 quum

108 2378 233 2404 eausa
262 2363 544 2418 ignoraretur3
577 2372 786 2419 postremo
817 2363 967 2404 certior
996 2379 1072 2413 res,
1096 2364 1184 2404 aliis
1214 2364 1492 2404 excitantibus

108 2420 221 2460 alios.
284 2419 456 2474 Iamque
481 2420 557 2460 ‘ad
583 2420 713 2459 arma’
737 2434 812 2474 pro
837 2434 879 2460 se
902 2420 1078 2474 quisque
1100 2420 1294 2460 vocabat:
1331 2419 1492 2460 ‘hostes

110 2476 181 2516 ‘in
203 2490 294 2516 aree
317 2490 418 2524 esse,
436 2484 478 2516 et
499 2476 617 2516 caedi
637 2475 783 2531 vigiles
798 2476 822 2515 :'
853 2476 1120 2531 oppressique
1142 2475 1278 2516 forent
1296 2476 1490 2525 Romani,

79 2546 376 2587 7nequaquam
411 2547 586 2572 numero
626 2546 758 2587 pareS,
795 2531 840 2572 ni
875 2531 1041 2580 clamor,
1080 2532 1130 2572 ab
1166 2532 1228 2581 iis,
1266 2533 1339 2587 qui
1375 2541 1494 2573 extra

152 2664 169 2694 5
193 2656 405 2695 Affectandae
420 2656 489 2686 eius
504 2657 567 2693 1νεὶ]
595 2655 719 2685 Vocem
731 2657 778 2686 rei
866 2654 885 2685 6
909 2656 1135 2694 Propraelorz']
1170 2655 1283 2692 Hune,
1310 2659 1423 2694 utpote
1450 2657 1491 2686 le-

109 2697 218 2727 odiose
248 2697 418 2736 repetitam
442 2697 539 2727 fuisse
567 2702 675 2727 censet
699 2697 778 2727 Gro-
822 2702 931 2736 gatum
956 2697 1125 2736 Scipionis,
1149 2697 1211 2727 hoc
1238 2697 1368 2727 nomine
1392 2698 1492 2737 desig-

108 2749 182 2769 nov.
201 2739 254 2777 qui
271 2742 342 2777 post
357 2740 558 2778 affectandae
573 2741 653 2776 eius,
670 2749 779 2770 vocem
824 2739 893 2769 nari
909 2743 1017 2769 censet
1030 2739 1154 2769 Duker.

109 2782 199 2811 urbis
214 2781 348 2812 subaud.
366 2781 526 2819 intelligit.
871 2788 887 2819 7
910 2782 956 2811 Ni
972 2782 1100 2819 clamor,
1116 2782 1155 2811 ab
1171 2781 1226 2818 iis]
1254 2780 1300 2812 Ni
1317 2781 1438 2812 clamor
1452 2782 1492 2812 ab

168 2835 265 2862 vor„
290 2835 334 2862 11.
1184 2835 1215 2861 H
1236 2822 1263 2861 h
