1825 3173
806 118 955 160 ΤΙΤΙ
998 118 1173 159 LIVII

87 218 125 247 U.
143 218 179 261 C.
199 226 268 256 534·
299 216 309 233 ‘
327 211 617 266 magimenses,
641 224 771 264 quum
797 210 849 249 ob
871 209 1059 264 patriam,
1083 217 1172 248 tum
1201 208 1252 247 ob
1275 207 1377 247 iram
1401 207 1678 256 iustissimam,

81 261 119 289 A.
144 260 181 289 U·
200 262 270 289 ²¹3·
300 273 311 291 ‘
328 276 593 323 pugnaturos.
655 266 878 306 Inferimus
899 265 1067 314 bellum,
1091 264 1332 318 infestisque
1361 264 1489 319 signis
1509 264 1681 305 descen-

300 331 310 348 ‘
328 325 465 365 dimus
499 324 544 363 in
579 323 755 372 Italiam,
794 331 909 363 tanto
945 321 1142 362 audacius
1176 321 1405 375 fortiusque
1441 321 1680 376 pugnaturi,

300 388 311 405 ‘
328 389 484 437 quanto
506 381 637 421 maior
657 395 760 435 spes,
784 380 914 420 maior
934 387 996 419 est
1016 378 1178 419 animus
1200 377 1415 418 inferentis
1435 378 1532 427 vim,
1556 392 1681 433 quam

300 439 515 479 ‘arcentis
580 437 790 477 Accendit
821 445 1035 492 praeterea
1066 436 1224 476 animos
1257 444 1299 475 et
1332 434 1516 474 stimulat
1551 434 1681 483 dolor,

301 502 311 518 ⁶
328 495 491 544 iniuria,
533 494 769 549 indignitas.
840 493 911 532 Ad
951 492 1200 547 supplicium
1241 492 1576 546 depoposcerunt
1615 505 1682 531 me

302 558 313 575 ⁴
330 552 480 592 <lucem
501 552 695 607 primum³
719 550 871 590 deinde
894 564 965 590 vos
987 564 1142 597 omnes,
1166 549 1239 604 qui
1271 548 1502 603 Saguntum
1524 562 1685 603 oppug-

303 616 313 632 ‘
330 609 523 649 nassetis:
577 608 739 648 deditos
783 607 940 646 ultimis
980 606 1228 646 cruciatibus
1275 605 1461 646 affecturi
1500 605 1682 645 fuerunt.

303 672 313 688 ⁶
333 665 631 706 Crudelissima
644 680 690 704 ac
704 663 994 719 superbissima
1009 678 1111 717 gens
1124 678 1196 703 sua
1213 663 1353 703 onmia
1365 662 1512 716 suique
1527 661 1686 702 arbitrii

304 728 315 745 ⁶
332 723 438 763 facit.
504 722 615 763 Cum
638 721 788 776 quibus
808 720 976 769 bellum,
996 735 1091 760 cum
1113 720 1263 775 quibus
1279 734 1425 774 pacem
1445 719 1684 767 habeamus,

304 785 315 802 ⁶
331 794 374 819 se
400 779 571 820 modum
592 779 806 833 imponere
832 792 1013 832 aequum
1034 785 1197 817 censet:
1230 776 1528 817 circumscribit
1553 774 1719 816 indu-6

305 842 316 859 ‘
333 836 478 891 ditque
504 851 578 876 nos
600 835 787 875 terminis
808 834 1013 875 montium
1027 834 1346 888 fluminumque,
1365 848 1469 888 quos
1489 848 1541 873 ne
1564 847 1688 873 exce—

305 898 317 916 ‘
333 893 500 933 damus:
534 907 672 947 neque
705 907 786 941 eos,
810 906 914 947 quos
941 891 1097 939 statuit,
1124 890 1322 931 terminos
1355 891 1554 930 observat.
1618 888 1686 929 Ne

305 955 316 972 ‘
334 950 543 990 transieris
557 949 743 990 Iberum:
777 964 830 989 ne
845 948 948 1003 quid
961 948 1020 988 rei
1034 947 1108 988 tibi
1123 947 1174 987 sit
1187 962 1282 988 cum
1300 947 1552 1002 Saguntinis.
1616 945 1688 986 Ad

305 1012 315 1029 ‘
332 1005 501 1047 Iberum
519 1015 579 1047 est
596 1006 826 1061 Saguntum
841 1022 850 1045 z
884 1019 1090 1060 nusquam
1108 1013 1147 1045 te
1163 1004 1337 1060 vestigio
1359 1004 1545 1044 moveris.
1608 1003 1689 1043 Pa-

306 1069 317 1086 ‘
334 1078 425 1103 rum
448 1073 521 1111 est,
537 1063 650 1118 quod
671 1062 909 1103 veterrimas
929 1061 1161 1117 provincias
1182 1076 1294 1101 meas
1319 1060 1501 1101 Siciliam
1529 1069 1571 1101 et
1595 1059 1689 1100 Sar-

306 1126 317 1143 ‘
333 1119 489 1159 diniain
500 1120 664 1160 adimis:
690 1119 814 1159 etiam
830 1118 1078 1173 Hispanias?
1104 1125 1146 1158 et
1159 1118 1256 1158 inde
1267 1118 1491 1167 cessero‚in
1502 1117 1688 1157 Africam
1704 1129 1719 1162 7

304 1176 606 1217 ‘transcendes
679 1175 969 1215 Transcendes
1001 1183 1154 1223 autem,
1188 1174 1307 1215 dico?
1348 1174 1467 1214 Duos
1499 1173 1689 1215 consules

304 1239 314 1255 ⁶
332 1233 454 1273 huius
476 1233 587 1281 anni,
603 1232 792 1272 nnumin
814 1232 1016 1280 Africam,
1033 1231 1209 1271 alterum
1231 1231 1275 1270 in
1297 1230 1546 1286 Hispaniam
1567 1230 1690 1270 mise-

305 1296 315 1312 ‘'
331 1298 439 1330 runt.
503 1289 623 1329 Nihil
648 1303 824 1344 usquam
858 1288 975 1328 nobis
1002 1287 1194 1328 relictum
1225 1296 1299 1336 est,
1321 1288 1400 1328 nisi
1428 1287 1542 1343 quod
1568 1287 1690 1327 armis

307 1356 316 1369 ⁶
331 1347 636 1387 vindicarimus.
670 1345 757 1386 Illis
771 1345 927 1385 timidis
935 1354 976 1385 et
990 1344 1362 1399 ignavislicetesse,
1373 1345 1446 1399 qui
1455 1352 1689 1400 respectum
1702 1357 1721 1388 8

308 1410 317 1426 ‘
335 1404 502 1451 habent,
521 1418 625 1458 quos
638 1418 735 1442 suus
756 1417 864 1457 ager,
880 1417 954 1441 sua
974 1411 1094 1449 terra,
1113 1416 1188 1456 per
1208 1410 1297 1442 tuta
1318 1417 1365 1442 ac
1386 1410 1531 1457 pacata
1543 1401 1692 1442 itinera

309 1460 551 1514 “fugientes',
578 1458 954 1514 accipient2,vobis
982 1473 1148 1498 necesse
1177 1467 1239 1498 cst
1263 1459 1435 1499 fortibus
1460 1458 1556 1498 viris
1587 1473 1688 1507 esse,

309 1524 318 1539 ί
337 1525 390 1565 et,
417 1517 609 1556 omnibus
634 1516 743 1556 inter
769 1515 983 1555 victoriam
1011 1523 1238 1555 mortemve
1264 1523 1377 1555 certa
1401 1515 1722 1570 desperatione9

309 1573 530 1628 6111111111118,
554 1581 625 1613 aut
652 1572 831 1621 vincere,
853 1580 937 1621 aut,
960 1572 993 1611 si
1023 1571 1188 1612 fortuna
1217 1571 1436 1621 dubitabit,
1459 1572 1503 1611 in
1533 1571 1691 1627 proelio

310 1638 319 1653 ‘
338 1631 487 1685 potiiiS,
518 1645 643 1685 quam
676 1630 718 1669 in
754 1629 864 1684 fuga,
902 1637 1078 1668 mortem
1114 1637 1323 1683 oppetere.
1389 1629 1432 1669 Si
1464 1628 1543 1669 hoc
1583 1629 1690 1670 bene

311 1694 321 1710 ‘
339 1688 468 1727 fixum
491 1687 684 1727 omnibus
701 1686 1037 1740 destinatumque
1060 1686 1103 1725 in
1125 1686 1264 1725 animo
1286 1694 1359 1734 est,
1375 1686 1527 1726 iterum
1540 1685 1689 1735 dicam,

311 1752 320 1766 ‘
337 1744 509 1784 vicistis:
544 1743 705 1783 nullum
728 1751 987 1783 momentum
1009 1742 1062 1782 ad
1082 1742 1337 1782 vincendum
1359 1743 1519 1783 homini
1540 1744 1590 1783 ab
1612 1743 1690 1783 diis
1706 1762 1718 1782 1

310 1808 319 1824 ⁶
337 1800 637 1841 immortalibus
658 1800 791 1840 acrius
811 1799 955 1839 datum
977 1800 1065 1839 cst?

294 125 349 161 40

309 1952 503 1982 Hannibalis
518 1955 618 1987 erant,
631 1952 719 1990 equis
732 1951 895 1992 infijenatis
911 1955 977 1981 ute>

309 1996 434 2024 bantur.
482 1994 570 2024 Hinc
593 1995 679 2033 apud
702 1993 886 2033 Virgilium,
906 1996 977 2023 Nu-

310 2038 413 2067 midae
429 2038 560 2075 infreni.

362 2078 380 2109 6
416 2080 653 2108 C'iwnmscrihit
689 2080 885 2117 includitque
923 2089 977 2108 nos

312 2122 471 2157 leruu'nis]
512 2121 663 2159 Sequitur
699 2120 844 2159 dialogus
877 2124 977 2149 orato-

1022 1954 1086 1982 eris
1100 1954 1237 1984 Iberum.
1277 1954 1394 1992 Neque
1406 1954 1691 1984 contradictionem

1024 1994 1054 2023 in
1071 1996 1197 2025 foedere
1213 2000 1278 2026 tam
1292 1996 1493 2026 manifestam
1504 1996 1692 2035 aperuisset,

1022 2047 1117 2075 quam
1134 2038 1235 2067 oculis
1250 2038 1404 2068 subiicere
1419 2039 1485 2068 vult
1502 2039 1669 2068 Hannibal
1682 2051 1689 2069 :

1022 2089 1060 2109 ne
1084 2082 1252 2110 transieris
1274 2082 1404 2111 Iberum
1431 2104 1438 2111 .
1456 2104 1463 2110 .
1480 2092 1520 2111 ‘ne
1544 2083 1623 2120 quid
1643 2082 1691 2112 rei

1023 2122 1079 2150 tibi
1105 2123 1146 2151 sit
1172 2133 1240 2152 eum
1268 2124 1471 2161 Sufflmtiuis,
1497 2133 1561 2152 non
1591 2126 1690 2153 trans-

311 2162 405 2199 ricus,
418 2162 449 2191 in
463 2173 525 2201 quo
543 2164 710 2192 Romanus
726 2163 804 2192 dicit
820 2174 860 2193 ue
875 2168 977 2192 [runs-

311 2206 387 2235 ieris
402 2222 443 2225 κ
455 2206 657 2243 Saguntinis,
690 2209 718 2234 et
759 2215 915 2243 nusquam
950 2210 978 2235 le!

310 2248 440 2285 ‘ivestifsio
472 2248 603 2276 moveris
617 2259 625 2281 ;
665 2246 779 2285 quibus
808 2247 978 2285 respondet

312 2289 452 2325 Poenus,
481 2290 523 2318 ud
548 2289 673 2318 Iberum
702 2293 747 2318 est
776 2292 954 2326 Sayuntum
967 2302 975 2318 .-

311 2341 446 2368 quorum
477 2341 585 2360 sensus
612 2334 676 2360 est:
711 2330 827 2368 Neque
854 2334 978 2360 transeo

317 2373 454 2410 Iberum,
468 2373 580 2402 foedus
590 2382 717 2402 servans
729 2385 736 2408 ;
758 2373 824 2408 scd,
840 2373 924 2410 quod
937 2382 976 2401 ex

311 2415 438 2445 foedere
462 2425 569 2444 meum
598 2418 655 2449 est,
681 2424 813 2452 occupo.
865 2414 976 2449 Quum

311 2457 424 2487 Jberus
436 2457 475 2486 sit
486 2457 557 2486 finis
566 2455 663 2486 nostri
675 2455 812 2494 imperii,
824 2456 855 2485 in
871 2460 978 2486 nostra

312 2503 400 2537 parte
417 2503 463 2529 est
485 2499 661 2537 Saguntum
675 2510 680 2528 :
707 2508 846 2536 namque
859 2499 901 2527 (ul
915 2498 933 2528 i.
950 2509 976 2528 e.

311 2541 355 2570 cis
374 2543 502 2571 Iberum
524 2546 569 2571 est
586 2542 775 2578 Suyuutum.
823 2540 977 2570 Prudenti

311 2586 418 2612 auten]
430 2582 561 2612 consilio
573 2582 654 2612 dixit
665 2582 775 2612 Livius
787 2583 829 2612 nd
840 2583 980 2620 Iberum,

312 2634 411 2662 quum
428 2634 531 2661 neque
547 2627 590 2654 cis
612 2626 740 2654 Iberum
764 2634 868 2663 neque
889 2629 980 2655 trans

312 2667 340 2695 Ι.
376 2665 442 2694 sine
477 2666 685 2703 ambiguitate
723 2666 827 2696 dicere
863 2671 977 2705 posset.

314 2707 465 2744 Namque
477 2708 521 2736 cis
531 2708 558 2736 I.
572 2718 675 2745 neque
687 2709 864 2743 Romanus,
875 2719 978 2746 neque

313 2748 491 2783 Hannibal,
507 2748 569 2776 iani
589 2749 688 2787 Alpes
703 2753 921 2789 transgressus,
934 2751 977 2780 di-

314 2800 383 2819 cere
410 2793 530 2828 poterat
548 2801 553 2818 2
587 2794 618 2819 et
645 2795 734 2819 trans
766 2793 791 2821 I.
820 2793 978 2822 adversari

314 2831 413 2861 visum
436 2835 516 2861 esset
533 2831 633 2861 verbis
649 2832 782 2862 foederis
804 2844 841 2863 rie
862 2835 977 2863 transi-

1022 2173 1126 2201 gresso
1144 2165 1284 2194 Iberum.
1303 2165 1442 2195 STROTH.

1068 2212 1083 2243 7
1106 2207 1187 2236 Imle
1217 2208 1351 2243 cessero]
1391 2207 1423 2236 Si
1454 2207 1529 2236 inde
1558 2217 1689 2238 cessero.

1024 2247 1241 2285 Supprimitur
1262 2248 1420 2287 particula
1434 2250 1460 2278 εἰ
1479 2249 1520 2278 ad
1536 2249 1689 2279 maiorem

1024 2288 1096 2318 vim.
1115 2290 1219 2321 Cam.

1066 2332 1084 2360 8
1109 2333 1171 2367 Qui
1190 2337 1364 2371 respectum
1384 2333 1517 2370 hubent]
1547 2332 1613 2368 Qui
1634 2333 1688 2363 ha-

1022 2373 1098 2402 bent
1109 2384 1171 2411 quo
1186 2374 1368 2413 respiciant,
1379 2385 1476 2412 quum
1493 2374 1556 2404 illis
1571 2386 1591 2405 a
1602 2379 1690 2415 tergo

1022 2414 1060 2443 sit
1078 2416 1183 2445 Roma
1200 2420 1231 2445 et
1249 2416 1354 2447 Italia.
1371 2417 1476 2447 szv.

1065 2467 1083 2497 9
1113 2459 1267 2488 Omnibus
1302 2460 1387 2489 inter
1416 2461 1581 2490 victoriam
1609 2471 1688 2490 mor-

1023 2504 1121 2529 lemve
1151 2505 1236 2530 certa
1272 2501 1490 2539 desperatione
1524 2503 1686 2541 abruptis]

1024 2541 1135 2575 Quum
1148 2541 1232 2572 inter
1245 2542 1404 2573 victoriam
1420 2547 1596 2574 mortemve
1608 2543 1689 2574 nihil

1025 2583 1063 2612 sit
1080 2584 1167 2613 vobis
1182 2585 1337 2622 medium,
1349 2586 1404 2615 sed
1421 2585 1528 2616 omnia
1541 2589 1626 2616 certa
1636 2587 1688 2616 de-

1024 2626 1215 2664 speratione,
1245 2628 1333 2656 velut
1363 2628 1522 2666 profunda
1551 2629 1688 2667 quadam

1026 2667 1183 2707 voraginQ
1198 2669 1343 2707 abrupta.
1367 2670 1472 2700 CREV.

1069 2719 1080 2739 1
1107 2711 1243 2740 Nullum.
1271 2713 1475 2748 momentum]
1513 2711 1587 2741 Hoc
1618 2712 1689 2741 loco

1024 2761 1134 2781 omnes
1149 2761 1216 2781 mss.
1235 2752 1338 2781 vitiati
1358 2756 1441 2782 sunt.
1488 2753 1611 2792 Optimi
1632 2754 1686 2783 ha-

1023 2794 1099 2822 bent
1115 2794 1186 2823 loco
1206 2794 1339 2823 ultimae
1356 2794 1440 2824 vocis
1455 2800 1665 2834 conte-mptum
1677 2809 1686 2826 .-

1022 2844 1080 2864 nec
1097 2835 1252 2865 abludunt
1265 2835 1369 2866 ceteri.
1410 2836 1490 2866 Inde
1508 2837 1688 2868 Gronovius
