1871 3178
516 114 639 156 LIB.
674 113 816 155 XXV.
861 112 1005 154 CAP.
1038 115 1103 155 37.

1412 118 1491 157 273

126 199 221 241 valli
251 201 490 252 obiicerem,
515 203 686 245 clitellas
720 203 892 259 illigatas
921 202 1126 250 oneribus,
1148 201 1260 241 velut
1286 210 1489 244 struentes
1505 215 1545 245 U.
1562 215 1599 245 (t.
1623 224 1691 253 540-

126 257 178 299 ad
205 257 465 301 altitudinem
493 261 666 311 solitam,
688 259 1022 305 circumdabant3
1054 258 1220 299 cumulo
1240 259 1488 301 sarcinarum
1503 258 1539 288 A.
1564 259 1600 288 0·
1624 267 1691 287 ²¹²·

124 315 258 356 omnis
287 318 449 370 generis
479 319 652 367 obiecto,
682 318 752 359 ubi
783 317 836 358 ad
868 315 1120 357 moliendum
1151 315 1326 356 clitellae
1348 316 1489 358 defuc-

125 381 227 413 rant.

965 430 1206 471 munitionis
1236 445 1331 470 vero
1366 430 1488 471 facies

124 501 230 528 nova
250 503 383 544 primo
403 505 472 530 eos
492 489 605 530 velut
625 488 821 529 miraculo
843 487 1023 543 quodam
1045 488 1191 536 tenuit,
1213 502 1341 543 quum
1363 487 1488 528 duces

124 544 310 601 undique
331 547 663 595 vociferarentur,
686 551 698 569 ⁶
717 545 832 593 Quid
859 546 1045 586 starent?
1080 554 1122 586 et
1148 560 1234 585 non
1264 544 1486 585 ludibrium

125 606 136 624 ‘
152 601 267 652 illud,
290 603 358 644 vix
378 604 539 645 feminis
566 603 754 659 puerisve
786 602 992 644 morandis
1013 602 1108 643 satis
1128 601 1321 650 validum,
1343 601 1489 642 distra—

125 663 137 682 ‘
152 658 299 701 herent
325 660 666 716 dIriperentque?

727 660 909 715 Captum
938 660 1099 700 hostem
1127 659 1269 707 teneri,
1292 659 1486 700 latentem

125 721 137 739 ‘
152 726 244 771 post
264 718 465 758 sarci11as.’
515 717 632 758 Haec
649 717 919 772 contemptim
935 716 1060 758 duces
1077 716 1354 772 increpabant.
1407 716 1489 757 Ce-

124 781 271 823 terum,
300 790 435 830 neque
471 774 685 823 transilire,
715 789 850 829 neque
883 774 1017 815 moliri
1052 789 1177 815 onera
1209 774 1380 822 obiecta,
1414 789 1489 814 nec

122 831 294 872 caedere
311 832 477 887 stipatas
489 831 671 881 clitellas,
687 832 867 887 ipsisque
881 832 1046 872 obrutas
1062 831 1242 879 sarcinis,
1256 831 1373 871 facile
1391 841 1487 872 erat.

93 904 109 924 2
123 887 313 929 Tardatis
333 888 406 929 diu
426 904 555 944 quum
576 889 743 930 amolita
763 889 923 930 obiecta
944 904 1070 929 onera
1096 889 1260 929 armatis
1281 888 1490 929 dedissent

122 944 241 994 viam,
262 945 531 1002 pluribusque
560 947 670 988 idem
698 946 881 1002 partibus
906 946 1035 995 fieret,
1058 955 1177 1001 capta
1202 945 1281 986 iam
1305 945 1489 1001 undique

121 1010 252 1043 castra
286 1011 427 1044 erant:
470 1004 591 1059 pauci
626 1004 676 1045 ab
713 1003 864 1052 multis,
902 1003 1160 1058 perculsique
1197 1018 1220 1043 a
1254 1003 1488 1051 victoribus,

120 1059 271 1114 passim
291 1060 580 1104 caedebantur.

642 1061 799 1116 Magna
820 1075 911 1116 pars
932 1069 1070 1101 tamen
1091 1060 1280 1108 militum,
1296 1075 1424 1115 quum
1447 1060 1490 1100 in

120 1117 373 1172 propinquas
402 1118 618 1174 refugisset
647 1118 778 1167 silvas,
804 1119 848 1158 in
875 1127 1006 1158 castra
1034 1117 1079 1158 P.
1102 1117 1317 1171 Scipionis,
1340 1117 1489 1172 quibus

122 1173 173 1214 T.
189 1173 386 1216 Fonteius
406 1175 564 1230 legatus
584 1184 783 1230 praeerat,
805 1174 1086 1229 perfugcrunt.

1151 1173 1230 1214 Cn.
1253 1174 1488 1229 Scipionem

289 374 438 416 Punici
474 375 678 416 exercitus
712 384 929 430 postquam
964 373 1179 422 advenere,
1209 373 1251 413 in
1283 373 1485 413 tumulum
1505 383 1583 412 leun·
1602 395 1650 420 ag-

124 429 294 485 quidem
325 432 515 487 perfacile
551 447 698 487 agmen
732 446 922 472 erexere:

1499 426 1682 462 psa-«liuntur

1503 468 1609 498 l'oeui.

1501 1185 1560 1215 Cn.
1578 1184 1684 1224 Scipio

121 1230 191 1271 alii
220 1231 264 1271 in
295 1232 454 1272 tumulo
475 1233 608 1287 primo
629 1233 783 1287 impetu
807 1231 987 1272 hostium
1009 1246 1172 1272 caesum
1194 1230 1386 1271 tradunt:
1421 1231 1487 1272 alii
1501 1228 1694 1274 ‘'⁶⁰.i⁵¹²⁵⁹‘³x·

122 1302 217 1328 cum
238 1288 379 1343 paucis
401 1289 443 1328 in
464 1289 739 1344 propinquam
756 1288 895 1329 eastris
912 1288 1055 1328 turrim
1077 1288 1312 1343 perfugisse.

1366 1288 1489 1330 Hanc

121 1344 209 1399 igni
229 1345 537 1395 circumdatam,
560 1355 684 1401 atque
707 1346 764 1386 ita
785 1345 938 1386 exustis
958 1345 1125 1394 foribus,
1149 1360 1249 1400 quas
1270 1345 1381 1386 nulla
1402 1360 1489 1386 mo-

121 1400 188 1442 liri
217 1410 442 1457 potuerunt
469 1403 523 1452 vi,
548 1412 734 1458 captam3
771 1418 996 1457 omnesque
1028 1403 1138 1443 intus
1173 1417 1266 1442 cum
1295 1403 1383 1457 ipso
1414 1403 1490 1441 im-

91 1470 109 1501 3
122 1467 308 1514 peratore
344 1460 508 1500 occisos.

571 1460 698 1500 Anno
727 1468 885 1508 octavo,
914 1468 1132 1514 postquam
1165 1459 1209 1498 in
1244 1458 1490 1514 Hispaniam

122 1523 303 1565 venerat,
328 1516 408 1557 Cn.
430 1516 580 1572 Scipio,
603 1517 926 1571 undetrigesimo
947 1516 1013 1556 die
1036 1525 1126 1571 post
1145 1516 1278 1556 fratris
1303 1526 1489 1565 mortem,

123 1581 185 1614 est
204 1573 452 1615 interfectus.
499 1574 659 1614 Luctus
679 1588 731 1614 ex
753 1582 883 1614 morte
899 1587 1042 1613 eorum
1064 1588 1148 1613 non
1167 1572 1324 1614 Romae
1348 1574 1488 1622 maior,

123 1645 249 1686 quam
275 1645 349 1685 per
379 1639 505 1672 totam
534 1630 792 1685 Hispaniam,
814 1630 903 1670 fuit.

969 1629 1085 1678 Quin
1116 1630 1227 1685 apud
1259 1630 1367 1671 cives
1399 1645 1491 1686 par-

123 1696 208 1728 tem
234 1687 386 1728 doloris
420 1696 462 1728 et
493 1688 697 1728 exercitus
732 1687 880 1736 amissi,
909 1696 952 1728 et
983 1687 1161 1728 alienata
1194 1687 1416 1742 provincia,
1449 1697 1491 1729 et

123 1744 288 1800 publica
317 1744 503 1785 trahebat
527 1744 674 1785 clades.

738 1743 963 1800 Hispaniae
985 1745 1093 1800 ipsos
1113 1744 1309 1799 lugebant
1329 1745 1491 1786 deside—

122 1801 348 1857 rabantque
370 1801 521 1843 duces:
558 1801 748 1843 Cnaeum
770 1811 908 1843 tamen
928 1802 1069 1857 magis,
1093 1817 1175 1857 quo
1197 1801 1352 1843 diutius
1373 1817 1491 1858 prae-

91 1858 255 1901 4fuerat
293 1859 355 1909 iis,
391 1859 584 1915 priorque
625 1868 667 1900 et
699 1859 880 1900 favorem
917 1868 1199 1914 occupaverat,
1235 1868 1278 1900 et
1311 1860 1489 1915 speciem

122 1915 302 1957 iustitiae
324 1917 703 1972 temperantiaeque
727 1916 940 1957 Romanae
962 1916 1118 1971 primus
1138 1916 1321 1957 dederat.

182 1973 325 2021 Quum
340 1973 499 2016 deletus
512 1974 715 2015 exereitus
728 1973 980 2028 amissaeque
996 1972 1221 2029 Hispaniae
1238 1973 1489 2023 viderentur,

123 2029 185 2070 vir
204 2045 310 2071 unus
325 2045 389 2071 res
408 2031 588 2086 perditas
603 2031 791 2072 restituit.

854 2030 954 2071 Erat
974 2030 1018 2070 in
1038 2031 1222 2071 exercitu
1239 2030 1288 2071 L.
1308 2030 1490 2071 Marcius

127 2086 300 2142 Septimi
325 2088 444 2137 filius,
474 2103 600 2144 eques
626 2088 852 2136 Romanus,
881 2087 1056 2142 impiger
1082 2087 1253 2136 iuvenis,
1279 2088 1488 2142 animique

124 2151 167 2184 et
193 2143 350 2198 ingenii
377 2144 600 2200 aliquanto,
623 2160 748 2200 quam
778 2159 852 2200 pro
872 2144 1048 2192 fortuna,
1070 2144 1113 2183 in
1139 2159 1221 2199 qua
1248 2152 1335 2184 erat
1354 2153 1488 2193 natus,

125 2199 298 2241 maioris.

361 2201 431 2242 Ad
469 2217 670 2242 summam
709 2201 891 2242 indolem
931 2211 1153 2242 accesserat
1187 2200 1265 2241 Cn.
1287 2200 1490 2257 Scipionis

125 2256 363 2312 disciplina:
395 2259 470 2299 sul)
492 2274 574 2314 qua
593 2273 668 2314 per
688 2268 748 2299 tot
769 2273 897 2299 annos
917 2273 1060 2299 omnes
1080 2258 1248 2299 militiae
1266 2267 1370 2299 artes
1391 2258 1490 2300 edo-

169 2439 187 2460 ‘z
210 2429 348 2459 Amolita
372 2429 489 2459 obiecta
514 2439 611 2459 onera
635 2430 783 2467 armatis]

125 2473 264 2502 Amolita
286 2470 337 2500 hic
360 2470 480 2510 passive
495 2475 684 2509 usurpatum
705 2482 785 2501 amo-

126 2516 176 2545 liti
209 2517 275 2553 opt.
305 2522 371 2543 mss.
401 2516 498 2550 atque
535 2513 606 2542 edd.
639 2513 787 2542 nonnulli

126 2567 202 2596 prae
224 2566 256 2585 se
276 2556 390 2586 ferunt.
429 2555 555 2584 Obiecta
571 2565 668 2585 onera
683 2566 785 2585 arma-

127 2600 168 2630 tis
184 2598 332 2629 Bekkero
348 2600 494 2636 suspecta
509 2600 592 2627 sunt.

171 2650 188 2680 3
210 2642 307 2670 Anno
324 2640 446 2676 octavo]
485 2639 547 2669 Sed
564 2639 614 2668 hic
631 2642 677 2668 est
692 2638 786 2676 septi-

126 2693 198 2714 mus
212 2692 314 2712 annus
328 2683 367 2712 ab
382 2681 473 2711 initio
489 2681 582 2710 huius
597 2680 683 2711 belli.
720 2680 786 2710 Pri-

126 2735 180 2755 mo
195 2728 302 2755 autem
322 2723 398 2754 belli
416 2722 622 2753 Hannibalici
638 2732 720 2752 anno
736 2733 785 2752 ve-

127 2771 217 2798 nerat
232 2767 291 2798 Cn.
309 2766 416 2805 Scipio
434 2766 465 2795 in
482 2764 683 2804 Hispaniam.
712 2764 786 2795 Vid.

127 2820 212 2849 supr.
228 2808 292 2839 xxi.
310 2818 358 2848 3²·
402 2808 526 2838 Tamen
549 2807 630 2837 infra
648 2807 789 2837 Marcius

129 2851 161 2882 in
181 2851 322 2882 oratione
344 2851 481 2881 eundem
500 2859 678 2887 numerum,
693 2859 787 2888 quem

184 2906 280 2934 voL.
304 2906 348 2932 11.

830 2430 881 2460 hic
904 2430 1113 2469 coarguimuS,
1135 2430 1248 2460 habet:
1273 2432 1411 2461 Invictos
1430 2442 1489 2469 per

829 2477 893 2502 octo
923 2483 1023 2502 annos
1050 2473 1163 2503 milites
1191 2483 1263 2502 suos
1274 2485 1283 2502 :
1325 2476 1360 2501 ut
1390 2473 1489 2511 possis

830 2513 980 2552 suspicari
1003 2524 1137 2544 errorem
1160 2514 1254 2544 fuisse
1278 2513 1374 2552 ipsius
1394 2515 1488 2546 Livii.

828 2556 933 2586 Cssssv.

871 2608 890 2634 4
910 2597 1068 2637 Priorque
1079 2598 1154 2635 etfa
1160 2608 1258 2628 vorem
1269 2604 1488 2638 occupaverat,

829 2643 859 2669 et
873 2640 1005 2677 speciem
1021 2662 1028 2669 .
1040 2662 1046 2668 .
1059 2662 1066 2669 .
1080 2641 1205 2678 primns
1220 2641 1362 2678 dederat]
1390 2643 1488 2672 Prior

830 2681 961 2710 refenur
973 2681 1013 2710 ad
1023 2681 1149 2711 fratrem
1163 2694 1170 2717 ς
1181 2683 1306 2720 primns
1317 2683 1357 2712 ad
1370 2692 1487 2714 omneS.

831 2723 956 2752 Primus
970 2723 1054 2752 enim
1070 2723 1212 2753 omnium
1226 2724 1443 2755 Romanorum
1456 2726 1487 2755 in

832 2764 1022 2804 Hispaniam
1045 2775 1116 2795 cum
1139 2765 1272 2805 imperio
1294 2772 1326 2796 et
1347 2767 1487 2798 exercitu

832 2806 917 2838 venit
933 2807 992 2838 Cn.
1009 2807 1124 2847 Scipio.
1148 2807 1258 2839 Smox.

1236 2905 1263 2931 Τ

1501 1274 1677 1308 ercltusque

1501 1323 1618 1342 caesus.

1565 1976 1630 2017 37.

1503 2032 1539 2063 L.
1556 2033 1695 2063 Marcius

1501 2085 1549 2104 res
1564 2076 1695 2105 afflictas

1502 2118 1646 2148 restituit.
