1877 3178
369 90 451 127 522
879 90 1024 132 ΤΙΤΙ
1067 91 1246 133 LIVII

161 178 204 209 U·
223 179 260 209 C.
285 186 356 219 549·
371 182 382 199 ⁶
398 191 485 217 esse
511 176 922 233 Carthaginiensium
944 195 1021 229 res,
1040 189 1087 221 ut
1106 180 1286 221 Galliam
1308 189 1431 236 atque
1449 181 1610 223 Italiam
1629 183 1752 224 armis

162 222 198 252 A.
224 222 261 252 0·
286 231 357 261 ²03·
372 239 383 256 ‘
399 233 640 275 obtineant.9
686 235 828 291 Mago,
846 251 932 277 non
952 237 1128 293 imperio
1149 238 1274 278 modo
1296 247 1462 278 senatus
1483 239 1751 295 periculoque

368 290 525 345 patriae
547 299 696 341 motus,
719 293 792 333 sed
814 301 1004 334 metuens
1026 295 1164 343 etiam,
1187 309 1240 335 ne
1262 295 1394 336 victor
1420 295 1549 336 hostis
1574 297 1752 337 moranti

369 347 552 397 instaret,
588 348 848 404 Liguresque
885 350 976 405 ipsi,
1009 351 1189 406 relinqui
1223 351 1386 392 Italiam
1422 367 1446 392 a
1476 352 1629 393 Poenis
1664 367 1752 394 cer-

369 412 529 453 nentes,
567 405 620 445 ad
655 421 737 455 eos,
771 422 948 461 quorum
985 423 1083 448 mox
1119 408 1162 448 in
1197 417 1402 463 potestate
1435 409 1564 449 futuri
1600 418 1750 459 essent,

161 464 201 511 1,ss
218 464 342 513 naviga3
369 460 609 511 deficerent,
632 463 753 503 simul
774 479 941 519 sperans
969 465 1169 505 leniorem
1197 465 1241 504 in
1262 465 1536 520 navigatione,
1561 481 1685 521 quam
1707 467 1751 507 in

159 510 247 577 {ffe
264 517 355 537 mon-
368 518 446 566 via,
468 518 736 560 iactationem
758 521 939 561 vulneris
966 521 1066 571 fore,
1093 533 1135 562 et
1165 518 1377 562 curationi
1401 523 1540 563 omnia
1568 537 1752 564 commo-

213 571 220 579 ’
368 574 497 624 diora,
520 576 724 631 impositis
745 578 873 632 copiis
898 578 942 618 in
968 594 1092 619 naves
1117 578 1338 634 profectus,
1360 579 1533 619 vixdum
1559 589 1752 635 superata

371 631 573 681 Sardinia,
597 648 650 673 ex
675 633 845 675 vulnere
877 635 1075 676 moritur:
1110 651 1235 676 naves
1266 651 1433 691 quoque
1465 636 1622 691 aliquot
1644 636 1752 677 Poe-

367 704 516 729 norum
538 690 733 731 disiectae
760 692 802 731 in
829 691 911 732 alto
934 707 957 732 a
978 692 1103 733 classe
1123 692 1326 741 Romana,
1351 708 1457 748 quae
1480 694 1588 734 circa
1612 693 1751 734 Sardi-

366 746 478 786 niam
501 756 600 796 erat,
624 748 855 803 capiuntur.
910 748 1028 790 Haec
1051 758 1158 790 terra
1179 750 1366 805 marique
1389 750 1432 790 in
1453 759 1568 806 parte
1592 750 1750 801 Italiae,

366 818 472 858 quae
493 803 601 844 iacet
622 804 674 844 ad
697 805 840 860 Alpes,
862 815 987 861 gesta.

428 859 588 901 Consul
624 860 672 901 C.
707 861 917 911 Servilius,
951 863 1063 903 nulla
1095 863 1353 904 memorabili
1386 879 1429 904 re
1462 863 1505 904 in
1538 864 1753 920 provincia

368 916 537 957 Etruria
565 926 607 958 et
631 917 769 958 Gallia
796 918 1014 973 (quoniam
1046 935 1095 961 eo
1127 935 1294 975 quoque
1324 921 1598 975 processerat)
1621 930 1749 976 gesta,

365 982 481 1029 patre
516 973 565 1014 C.
593 974 766 1015 Servilio
797 984 839 1015 et
873 976 921 1016 C.
942 976 1113 1017 Lutatio
1146 992 1199 1017 ex
1232 978 1427 1017 servitute
1462 986 1555 1032 post
1586 987 1751 1018 sextum

366 1030 576 1071 decimum
606 1046 763 1071 annum
792 1032 982 1087 receptis,
1006 1033 1078 1088 qui
1107 1033 1159 1074 ad
1183 1033 1321 1073 vicum
1351 1033 1562 1074 Tanetum
1590 1050 1613 1075 a
1635 1034 1750 1075 Boiis
1767 1050 1783 1082 7

366 1088 476 1142 capti
508 1088 683 1137 fuerant,
711 1088 808 1129 hinc
841 1098 971 1144 patre,
998 1090 1096 1131 hinc
1134 1089 1286 1130 Catulo
1319 1090 1437 1131 lateri
1469 1091 1749 1141 circumdatis,

366 1145 526 1199 privato
549 1146 689 1200 magis,
709 1161 833 1201 quam
856 1146 1022 1202 publico
1039 1147 1189 1188 decore
1211 1147 1396 1202 insigniS,
1418 1147 1596 1188 Romam
1613 1148 1748 1190 rediit.

367 1201 521 1242 Latum
547 1202 600 1242 ad
627 1203 828 1258 populum
856 1213 928 1252 est,
963 1210 974 1227 ‘
990 1219 1042 1244 ne
1068 1203 1117 1244 C.
1141 1204 1314 1245 Servilio
1334 1204 1469 1244 fraudi
1495 1213 1614 1254 esset,
1637 1205 1751 1260 quod

368 1265 523 1314 ‘pati-e,
547 1259 620 1314 qui
651 1260 751 1300 sella
781 1260 914 1301 curuli
945 1261 1129 1309 sedisset,
1156 1261 1262 1310 vivo,
1290 1276 1420 1316 quum
1451 1262 1495 1302 id
1526 1262 1749 1317 ignoraret,

367 1317 586 1358 ‘tribunus
616 1317 748 1372 plebis
779 1327 904 1372 atque
936 1318 1082 1358 aedilis
1114 1318 1246 1374 plebis
1271 1319 1427 1367 fuisset,
1454 1328 1599 1359 contra
1624 1334 1750 1374 quam

367 1379 581 1415 ‘sanctum
620 1374 781 1429 legibus
817 1375 929 1415 emt?
990 1374 1083 1416 Hac
1119 1375 1333 1431 rogatione
1369 1375 1539 1431 perlata,
1576 1376 1621 1415 in
1655 1391 1751 1431 pro-

364 1431 543 1471 vinciam
566 1431 700 1472 rediit.

424 1488 495 1528 Ad
526 1487 605 1528 Cn.
629 1488 849 1529 Servilium
877 1489 1103 1538 consulem,
1127 1489 1199 1544 qui
1228 1489 1270 1529 in
1299 1489 1474 1530 Bruttiis
1503 1497 1604 1539 erat,
1634 1489 1781 1534 Con-8

364 1546 509 1595 sentia,
534 1545 752 1601 Uffiigum,
776 1545 953 1601 Vcrgae,
979 1546 1184 1595 Besidiae,
1214 1546 1493 1595 Hetriculum,
1519 1546 1748 1603 Syphcum,

365 1602 670 1656 Argentanum,
712 1603 960 1658 Clampetia,
996 1603 1202 1658 multique
1239 1603 1308 1643 alii
1344 1603 1548 1657 ignobiles
1587 1603 1745 1659 populi,

365 1673 578 1699 senescere
619 1659 829 1699 Punicum
875 1660 1031 1700 bellum
1077 1670 1307 1709 cernentes,
1350 1660 1551 1701 defecere.
1630 1660 1750 1701 Idem

365 1715 510 1755 consul
539 1730 633 1755 cum
657 1715 894 1756 Hannibale
928 1717 972 1755 in
1005 1732 1101 1771 agro
1131 1716 1397 1757 Crotoniensi
1426 1717 1512 1757 acie
1546 1717 1746 1757 conflixit.

368 1771 556 1813 Obscura
584 1772 672 1812 eius
698 1788 862 1827 pugnae
892 1772 1000 1812 fama
1028 1782 1100 1813 est.
1164 1773 1356 1813 Valerius
1379 1774 1530 1814 Antias
1559 1774 1747 1828 quinque

366 1829 494 1869 millia
514 1829 694 1869 hostium
717 1844 834 1869 caesa
855 1830 923 1869 ait.
990 1829 1109 1877 Quae
1132 1838 1245 1870 tanta
1269 1845 1332 1870 res
1354 1838 1428 1878 est,
1451 1838 1497 1870 ut
1521 1838 1591 1870 aut
1612 1830 1749 1885 impu-

364 1885 514 1926 denter
535 1886 631 1926 ficta
651 1885 715 1934 sit,
739 1894 809 1926 aut
835 1886 1097 1941 negligenter
1124 1886 1422 1941 praetermissa.
1487 1886 1608 1926 Nihil
1636 1896 1747 1927 certe

365 1942 472 1982 ultra
501 1943 561 1983 rei
598 1943 639 1982 in
669 1942 790 1983 Italia
824 1944 874 1982 ab
913 1942 1150 1983 Hannibale
1187 1952 1362 1998 gestum.
1427 1943 1539 1983 Nam
1570 1943 1623 1983 ad
1651 1958 1748 1984 eum

365 2014 532 2054 quoque
555 1999 679 2054 legati
701 2000 751 2039 ab
775 1999 1042 2053 Carthagine,
1065 2009 1259 2040 vocantes
1284 2000 1327 2039 in
1351 2000 1549 2048 Africam,
1572 2000 1621 2040 iis
1641 2000 1746 2040 forte

218 2051 284 2110 20·
329 2106 334 2111 .
364 2056 522 2104 diebus,
541 2057 692 2111 quibus
713 2056 765 2096 ad
788 2056 1029 2112 Magonem,
1053 2065 1268 2096 venerunt.
1322 2056 1536 2097 Frendens
1556 2072 1748 2112 gemens-

157 2104 458 2176 rizymmpahsque’
492 2128 538 2154 ac
569 2114 639 2154 vix
671 2113 849 2153 lacrimis
887 2123 1133 2168 temperans,
1168 2113 1322 2153 dicitur
1356 2113 1586 2167 legatorum
1622 2114 1748 2154 verba

154 2156 350 2220 iillffiftsof‘x
363 2170 537 2210 audisse.
600 2170 827 2225 Postquam
865 2170 977 2210 edita
1007 2179 1103 2210 sunt
1140 2170 1347 2218 mandata,
1387 2170 1503 2210 ‘Iam
1538 2185 1623 2210 non
1653 2185 1749 2225 per·-

155 2230 211 2261 101-
365 2233 375 2249 ⁶
392 2226 540 2281 plexe,’
562 2227 711 2282 inquit,
747 2233 756 2250 ί
773 2227 846 2267 sed
874 2227 1009 2282 palam
1037 2235 1245 2275 revocant,
1270 2227 1354 2282 qui,
1378 2227 1558 2267 vetando
1580 2227 1747 2282 supple-

364 2290 374 2306 ‘
392 2293 580 2324 mentum
621 2294 662 2324 et.
702 2284 923 2338 pecuniam
969 2283 1091 2332 mitti,
1134 2283 1215 2323 iam
1260 2283 1423 2338 pridem
1468 2283 1743 2324 retrahebant.

364 2346 374 2364 ‘
392 2341 507 2381 Vicit
547 2356 645 2396 ergo
687 2340 971 2381 Hannibalem
1012 2356 1097 2381 non
1142 2340 1320 2395 populus
1362 2340 1579 2380 Romanus
1625 2340 1746 2381 toties

363 2403 532 2438 ‘caesus
571 2398 833 2453 fugatusque,
874 2397 946 2437 sed
987 2406 1153 2437 senatus
1189 2396 1547 2452 CarthagIniensis
1583 2397 1745 2437 obtrec-

362 2455 545 2495 ‘tatione
582 2465 706 2509 atque
744 2454 911 2494 invidia.
975 2454 1128 2509 Neque
1170 2453 1247 2494 hae
1284 2454 1545 2494 deformitate
1586 2453 1744 2494 reditus

362 2511 471 2551 ‘mei
508 2521 589 2551 tam
627 2512 673 2551 P.
702 2511 840 2566 Scipio
877 2511 1101 2551 exsultabit
1141 2519 1265 2565 atque
1303 2511 1447 2550 efferet
1482 2525 1582 2559 sese,
1618 2525 1744 2565 quam

361 2574 371 2590 ⁶
391 2568 559 2617 Hanno,
582 2568 655 2623 qui
683 2568 855 2608 domum
884 2577 1079 2616 nostram,
1107 2567 1275 2622 quando
1304 2567 1382 2607 alia
1409 2582 1452 2607 re
1480 2582 1566 2606 non
1593 2567 1741 2621 potuit,

405 2702 420 2731 7
445 2696 507 2730 Qui
533 2695 575 2723 ad
601 2695 705 2724 vicum
735 2695 905 2731 Tanetnm]
941 2694 1025 2724 Rem
1072 2693 1289 2733 Clampetiam
1304 2693 1465 2732 superiore
1479 2694 1741 2724 annoaP.Sem-

359 2736 495 2765 narravit
514 2735 623 2765 Livius
640 2746 724 2774 supr.
743 2736 806 2766 xxi.
826 2744 873 2775 25.
1072 2736 1182 2774 prouio
1196 2737 1325 2765 consule
1339 2736 1367 2765 vi
1381 2739 1521 2774 captam,
1533 2736 1740 2766 Consentiam

402 2778 420 2802 8
444 2779 496 2805 :iri
519 2779 575 2806 (Ἠ.
592 2779 762 2807 Seri-ilium
782 2801 787 2807 .
805 2801 811 2807 .
831 2801 836 2806 .
856 2778 1026 2808 (bnsenlia
1072 2779 1236 2807 voluntate
1259 2778 1289 2807 in
1308 2778 1503 2807 deditionem
1528 2777 1648 2807 venisse
1669 2777 1741 2807 scri-

385 2841 391 2847 .
410 2841 415 2848 .
440 2820 614 2856 (Yampelia
638 2842 644 2848 .
663 2842 668 2849 .
688 2842 693 2849 .
716 2820 873 2857 defecere]
902 2820 1025 2849 Tamen
1073 2820 1131 2857 psit
1152 2820 1261 2849 Livius
1277 2830 1362 2858 supr.
1380 2819 1466 2850 xxix.
1487 2820 1534 2858 38.
1560 2819 1665 2850 (Ἴων.
