1877 3178
183 176 227 207 U.
245 176 282 207 C.
306 175 376 216 546.

181 219 221 249 A.
246 219 283 250 C.
307 218 378 250 206.

186 347 273 378 Urbs
288 348 334 378 in-

184 391 341 422 cenditur.

187 804 334 836 Castulo-

187 857 262 876 nem
279 847 366 877 dedi-

186 888 274 919 tione
289 889 366 920 reci-

185 929 244 969 pit.

249 1311 315 1350 21.

186 1538 351 1569 Gladiato-

185 1580 267 1610 rium
285 1591 353 1620 spe-

185 1624 347 1652 ctae-ulum

186 1665 251 1694 edit
262 1665 380 1705 Scipio.

184 2047 297 2078 Corbis
313 2052 344 2079 et

186 2089 298 2121 Orsua.

385 87 469 124 424
892 80 1040 123 ΤΙΤΙ
1077 81 1256 123 LIVII

391 171 583 228 capiendi
604 172 729 221 vivos,
751 186 888 221 nemo,
910 171 1149 227 patentibus
1177 171 1231 211 ad
1258 171 1535 226 direptionem
1563 172 1768 220 omnibus,

391 229 568 285 praedae
602 243 761 269 memor
794 238 866 269 est.
929 227 1161 269 Trucidant
1192 228 1372 268 inermes
1404 228 1521 269 iuxta
1548 237 1672 283 atque
1707 243 1770 268 ar-

392 294 535 335 matos,
550 286 724 326 feminas
744 286 898 341 pariter
914 300 960 326 ae
974 285 1102 325 viros:
1137 300 1268 339 usque
1290 284 1341 325 ad
1362 284 1581 325 infantium
1600 284 1771 325 caedem

391 343 452 383 ira
483 343 662 384 crudelis
696 343 894 398 pervenit.
957 342 1104 397 Ignem
1141 342 1292 382 deinde
1330 341 1448 382 tectis
1484 341 1689 390 iniiciunt,
1723 356 1770 381 ac

393 400 577 450 diruunt,
615 415 720 455 quae
756 399 951 440 incendio
987 399 1147 439 absumi
1183 407 1421 454 nequeunt:
1461 398 1564 438 adeo
1599 397 1772 452 vestigia

394 473 561 512 quoque
598 457 710 498 urbis
742 457 1020 512 exstinguere,
1054 471 1100 496 ac
1137 455 1276 496 delere
1312 455 1555 496 memoriam
1589 453 1771 495 hostium

392 514 513 563 sedis,
536 514 651 555 cordi
672 522 744 555 est.

454 570 725 611 Castulonem
750 570 847 611 inde
877 570 1016 626 Scipio
1044 570 1272 610 exereitum
1298 569 1439 610 ducit:
1473 584 1599 624 quam
1626 568 1772 609 urbem

393 642 479 668 non
508 627 687 683 Hispani
719 627 844 668 modo
877 642 1100 676 convenae,
1128 627 1202 667 sed
1231 626 1381 667 Punici
1413 627 1537 667 etiam
1565 625 1772 666 exereitus

394 699 447 725 ex
468 685 665 740 dissipata
684 685 834 740 passim
856 684 953 739 fuga
972 683 1171 739 reliquiae
1193 684 1445 724 tutabantur.
1511 682 1594 723 Sed
1619 682 1773 722 adven-

395 749 484 782 tum
523 741 728 797 Scipionis
767 750 1038 796 praevenerat
1078 740 1188 781 fama
1223 739 1349 780 cladis
1384 740 1772 795 Illiturgitanorum,

395 807 609 853 terrorque
648 798 746 838 inde
787 813 833 838 ae
876 797 1108 853 desperatio
1148 798 1378 845 invaserat3
1431 805 1472 837 et
1516 797 1560 836 in
1602 795 1802 841 diversis3

395 855 538 904 causis,
562 869 692 910 quum
713 855 790 895 sibi
812 855 987 909 quisque
1010 853 1245 894 consultum
1274 854 1361 893 sine
1390 853 1556 893 alterius
1580 860 1773 908 respectu

394 912 531 960 vellet,
554 912 688 966 primo
717 911 841 951 tacita
867 911 1057 966 suspicio,
1081 910 1232 950 deinde
1255 919 1396 965 aperta
1416 910 1621 950 discordia
1641 923 1773 949 seces-

394 968 554 1008 sionem
585 968 693 1007 inter
726 967 1092 1022 Carthaginienses
1123 975 1247 1021 atque
1281 966 1492 1022 Hispanos
1521 966 1628 1007 fecit.
1692 965 1772 1005 His

397 1023 676 1065 Cerdubellus
696 1023 909 1079 propalam
930 1023 1154 1063 deditionis
1179 1031 1331 1063 auctor.
1395 1022 1580 1064 Himilco
1601 1021 1773 1063 Punicis

394 1081 662 1121 auxiliaribus
690 1090 902 1135 praeerat:
937 1094 1041 1134 quos
1068 1080 1311 1134 urbemque,
1340 1079 1446 1120 clam
1476 1079 1558 1119 fide
1590 1087 1771 1134 accepta,

397 1137 675 1178 Cerdubellus
698 1137 889 1177 Romano
910 1136 1061 1192 prodit.
1124 1135 1272 1176 Mitior
1297 1151 1346 1176 ea
1365 1135 1537 1176 victoria
1557 1135 1660 1176 fuit:
1694 1150 1772 1175 nec

395 1194 641 1234 tantundem
669 1209 802 1235 noxae
832 1193 1055 1234 admissum
1085 1201 1183 1242 erat,
1206 1201 1248 1234 et
1275 1193 1535 1249 aliquantum
1562 1192 1646 1233 irae
1668 1191 1774 1233 leni-

394 1260 481 1292 erat
502 1251 735 1292 voluntaria
754 1251 924 1292 deditio.

452 1308 639 1349 BIarcius
659 1308 757 1349 inde
778 1309 823 1348 in
838 1309 1044 1357 barbaros,
1062 1308 1094 1348 si
1112 1308 1184 1363 qui
1200 1307 1389 1349 nondum
1405 1307 1626 1363 perdomiti
1643 1314 1772 1356 erant,

394 1366 470 1406 sub
503 1366 566 1405 ius
597 1365 885 1421 ditionemque
918 1365 1168 1420 redigendos
1201 1366 1358 1405 missus.
1425 1364 1562 1420 Scipio
1596 1364 1773 1405 Cartha-

393 1423 548 1477 ginem,
566 1422 619 1462 ad
640 1431 736 1463 vota
756 1422 953 1463 solvenda
973 1423 1063 1471 diis,
1082 1437 1317 1477 munusque
1338 1422 1640 1477 gladiatorium,
1659 1420 1774 1476 quod

394 1479 537 1519 mortis
564 1495 687 1519 causa
718 1480 843 1535 patris
876 1480 1097 1534 patruique
1124 1488 1352 1534 paraverat,
1382 1479 1606 1527 edendum,
1636 1478 1769 1519 rediit.

398 1535 701 1576 Gladiatorium
724 1537 1005 1592 spectaculum
1024 1537 1101 1576 fuit
1121 1551 1207 1576 non
1224 1551 1276 1576 ex
1298 1552 1347 1576 eo
1368 1551 1519 1591 genere
1540 1535 1771 1584 hominum,

394 1606 446 1632 ex
464 1608 547 1646 quo
568 1593 726 1632 lanistis
747 1609 984 1649 comparare
1007 1608 1094 1633 mos
1110 1601 1183 1642 est,
1201 1608 1424 1642 servorum,
1444 1593 1566 1647 quive
1583 1591 1772 1632 venalem
1784 1610 1805 1639 4

394 1649 639 1703 sanguinem
674 1649 841 1690 habent.
905 1650 1152 1690 Voluntaria
1186 1650 1320 1690 omnis
1355 1658 1398 1690 et
1436 1649 1614 1704 gratuita
1649 1663 1774 1704 opera

393 1705 671 1761 pugnantium
691 1705 781 1746 fuit.
845 1706 954 1746 Nam
984 1706 1052 1746 alii
1081 1706 1193 1746 missi
1222 1707 1272 1747 ab
1297 1706 1451 1761 regulis
1477 1715 1574 1746 sunt
1601 1705 1653 1745 ad
1680 1719 1773 1760 spe-

394 1763 530 1802 cimen
551 1762 697 1802 insitae
719 1763 834 1817 genti
854 1763 1018 1802 virtutis
1038 1762 1366 1802 ostendendum:
1398 1762 1466 1802 alii
1487 1763 1565 1816 ipsi
1586 1761 1770 1816 professi,

394 1834 436 1859 se
472 1827 728 1874 pugnaturos
760 1819 803 1858 in
835 1819 1009 1874 gratiam
1042 1819 1184 1858 ducis:
1224 1818 1322 1858 alios
1356 1818 1577 1858 aemulatio
1610 1826 1651 1857 et
1683 1832 1772 1858 cer—

394 1884 547 1925 tamen,
562 1884 609 1916 ut
624 1884 909 1930 provocarent,
927 1875 1222 1930 provocatique
1240 1875 1353 1915 haud
1370 1876 1613 1923 abnuerent,
1633 1874 1767 1915 traxit.

398 1932 595 1981 Quidam,
614 1948 716 1987 quas
732 1932 1001 1987 disceptando
1023 1932 1320 1972 controversias
1341 1932 1460 1971 finire
1482 1931 1769 1986 nequiverant,

392 1997 464 2028 aut
490 1989 722 2037 noluerant,
745 1997 865 2043 paeto
898 1989 1006 2028 inter
1038 2003 1093 2036 sc,
1121 1998 1167 2028 ut
1193 1988 1390 2028 victorem
1421 2003 1485 2028 res
1515 1997 1768 2042 sequeretur,
1784 2005 1800 2037 5

391 2045 498 2086 ferro
530 2045 815 2085 decreverunt.
880 2044 1032 2100 Neque
1069 2045 1231 2085 obscuri
1267 2044 1430 2099 generis
1462 2044 1663 2092 homines,
1697 2044 1771 2084 sed

392 2102 489 2142 clari
525 2101 799 2156 illustresque,
839 2101 989 2142 Corbis
1029 2109 1071 2141 et
1109 2101 1245 2142 Orsua
1284 2101 1489 2156 patrueles
1524 2101 1680 2149 fratres,
1717 2100 1770 2141 de

391 2159 628 2214 principatu
650 2159 838 2207 civitatis,
857 2173 981 2213 quam
1004 2158 1122 2198 Ibem
1143 2159 1358 2207 vocabant,
1376 2158 1644 2212 ambigentes,
1662 2157 1770 2197 ferro

392 2230 434 2255 se
456 2223 682 2255 certaturos
702 2215 874 2270 professi
895 2223 1002 2255 sunt.
1058 2214 1207 2255 Corbis
1229 2215 1359 2255 maior
1379 2223 1467 2254 erat
1487 2222 1633 2254 aetate.
1689 2213 1769 2254 Or-

391 2287 488 2312 suae
519 2281 636 2326 pater
665 2272 858 2327 princeps
888 2271 1076 2326 proxime
1107 2271 1253 2319 fuerat,
1286 2286 1310 2311 a
1338 2271 1460 2311 fratre
1492 2270 1645 2311 maiore
1676 2278 1770 2325 post

391 2337 565 2369 mortem
594 2329 682 2368 eius
709 2328 945 2383 principatu
969 2336 1151 2383 accepto.
1218 2327 1361 2375 Quum
1382 2328 1517 2368 verbis
1537 2327 1767 2382 disceptare

394 2385 532 2441 Scipio
556 2385 693 2434 vellet,
721 2399 767 2425 ac
800 2385 941 2425 sedare
975 2385 1079 2433 iras,
1115 2390 1125 2408 ‘
1142 2393 1338 2439 negatum
1372 2384 1440 2433 id,’
1465 2384 1586 2424 ambo
1615 2383 1766 2433 dicere,

434 2484 450 2513 3
474 2477 515 2504 In
545 2476 677 2506 diversis
706 2475 827 2511 causis]
868 2473 943 2503 Alia
971 2473 1055 2503 enim
1101 2473 1257 2502 ctantium
1274 2472 1489 2502 oblectationi.
1535 2472 1643 2502 Seeuti
1659 2481 1768 2502 sumus

393 2517 585 2553 Poenorum,
619 2516 683 2546 alia
716 2516 950 2554 oppidanorum
985 2515 1055 2545 reli-
1101 2525 1173 2544 cum
1191 2514 1316 2545 Clerico
1340 2514 1547 2544 certissimam
1572 2514 1766 2544 emendatio-

391 2568 589 2597 quorumque
606 2559 827 2597 Hispanorum
844 2557 897 2596 qui
918 2557 961 2586 ibi
983 2567 1055 2586 eon-
1100 2567 1173 2586 nem
1192 2557 1357 2593 Gronovii,
1373 2556 1438 2595 qui,
1453 2566 1552 2595 quum
1568 2555 1681 2594 optimi
1698 2565 1765 2586 mss.

392 2604 553 2637 venerant,
580 2611 675 2630 causa
697 2604 763 2630 erat
786 2603 882 2638 atque
905 2598 1055 2629 conditio.
1099 2599 1238 2628 habeant
1261 2609 1422 2629 servorum
1445 2599 1499 2637 qui
1526 2599 1667 2628 venalem
1692 2608 1765 2627 san-

391 2642 516 2671 Risi-11.
1096 2642 1226 2679 quinem
1242 2642 1368 2677 habent,
1384 2640 1494 2670 addita
1510 2640 1623 2669 vocula
1640 2650 1678 2670 ve
1693 2642 1765 2678 post

433 2695 451 2719 4
474 2685 655 2721 Servorum,
684 2685 778 2724 quive
809 2684 951 2714 'venalem
981 2693 1054 2712 scm-
1097 2684 1164 2721 qui,
1195 2682 1270 2712 huic
1304 2683 1374 2712 loco
1411 2681 1579 2712 sanitatem
1616 2680 1763 2711 restituit.

387 2726 517 2761 [minem
540 2727 672 2762 habent]
700 2727 879 2760 Servorum.¹
904 2726 953 2755 vel
979 2724 1054 2754 libe·
1099 2725 1205 2756 ΟΜΝ.

390 2774 494 2793 rorum
512 2766 676 2796 hominum
690 2767 743 2805 qui
760 2768 907 2797 mercede
922 2770 1055 2805 accepta
1143 2777 1159 2805 5
1189 2769 1230 2797 Ut
1251 2767 1396 2797 victorem
1418 2777 1467 2797 res
1489 2765 1690 2805 sequeretur]
1714 2763 1761 2793 Ut

390 2807 575 2845 sanguinem
599 2811 627 2838 et
653 2808 749 2838 vitam
773 2809 962 2847 impendunt
987 2818 1055 2846 spc—
1100 2818 1157 2845 res
1175 2809 1213 2838 de
1230 2818 1291 2847 qua
1309 2811 1490 2844 certaretur,
1508 2805 1632 2837 victoris
1647 2808 1735 2835 esset.
