1877 3178
130 204 174 235 U.
191 204 230 234 C.
252 212 323 244 550.

129 248 169 276 A.
193 247 234 276 C.
254 256 326 277 202.

130 288 224 318 Acies
239 284 365 318 Han-0

130 330 257 361 nihalis.

205 2343 272 2380 34.

334 109 417 148 536
848 106 993 149 TITI
1034 105 1211 149 LIVII

338 193 496 234 darent.
561 192 775 235 Hannibal
804 192 857 234 ad
886 202 1084 236 terrorem
1112 196 1296 259 primum
1323 194 1567 250 elephantos
1587 195 1752 250 (octo-4

339 251 457 306 ginta
485 259 625 291 autem
653 259 783 300 erant,
806 259 910 306 quot
934 251 1051 292 nulla
1077 266 1263 307 unquam
1286 252 1330 291 in
1357 251 1444 292 acie
1474 260 1569 292 ante
1590 252 1722 292 habu-

341 313 449 361 erat)
489 307 710 348 instruxit:
762 283 915 348 deinde
957 307 1111 348 auxilia
1157 308 1361 363 Ligurum
1405 307 1720 363 Gallorumque,

342 363 576 404 Baliaribus
598 363 842 419 Maurisque
866 364 1088 413 admixtis3
1122 365 1166 404 in
1187 364 1371 404 secunda
1391 365 1476 405 acie
1502 364 1724 420 Carthagi-

342 421 508 461 nienses
539 421 748 475 Afrosque
780 429 822 461 et
851 420 1135 461 Macedonum
1161 420 1396 476 legionem3
1430 421 1594 461 modico
1624 420 1723 461 inde

343 477 560 517 intervallo
592 477 750 527 relicto,
783 477 1070 517 subsidiariam
1102 477 1232 517 aciem
1269 477 1510 518 Italicorum
1544 477 1725 518 militum

345 533 521 587 (Bruttii
545 533 733 588 plerique
763 543 892 583 erant,
915 534 955 574 vi
976 550 1022 574 ac
1050 534 1295 574 necessitate
1324 534 1475 589 plures,
1498 548 1625 589 quam
1652 548 1726 574 sua

344 589 571 638 voluntate,
595 590 870 631 decedentem
891 605 944 631 ex
970 590 1091 630 Italia
1110 591 1261 645 secuti)
1282 590 1488 630 instruxit.
1551 589 1727 644 Equita-

346 655 435 686 tum
467 647 591 686 etiam
613 647 748 701 ipsum
777 647 1053 687 circumdedit
1079 647 1295 688 cornibus:
1329 646 1525 687 dextrum
1550 645 1728 686 Cartha-

345 703 566 757 ginienses,
585 703 796 743 sinistrum
820 703 1032 743 Numidae
1050 712 1286 743 tenuerunt.
1348 703 1476 743 Varia
1491 702 1726 743 adhortatio

347 769 435 800 erat
456 760 499 799 in
521 760 706 800 exercitu
735 760 844 800 inter
865 768 926 800 tot
953 760 1155 809 homines,
1179 760 1330 814 quibus
1350 775 1435 799 non
1464 759 1618 814 lingua,
1641 774 1727 800 non

346 831 448 865 mos,
472 831 557 856 non
578 816 659 864 lex,
678 831 762 856 non
784 831 908 865 arma,
931 831 1015 856 non
1036 816 1208 856 vestitus
1224 817 1486 870 habitusque,
1503 831 1589 856 non
1606 830 1729 856 causa

347 872 552 912 militandi
574 872 719 912 eadem
742 879 859 912 esset.
924 872 1210 913 Auxiliaribus
1237 881 1277 913 et
1297 887 1503 927 praesens,
1526 880 1568 912 et
1588 871 1729 912 multi-

347 929 499 983 plicata
519 943 676 968 merces
701 943 753 968 cx
781 927 935 982 praeda
963 936 1204 969 ostentatur.
1269 929 1381 969 Galli
1408 929 1574 983 proprio
1602 938 1728 983 atque

347 985 472 1025 insito
506 985 549 1023 in
585 984 798 1024 Romanos
831 984 927 1024 odio
967 984 1265 1025 accenduntur.
1328 985 1553 1039 Liguribus
1592 984 1730 1039 campi

348 1042 495 1081 uberes
526 1040 683 1089 Italiae,
716 1041 906 1081 deductis
937 1056 989 1081 ex
1021 1041 1254 1095 asperrimis
1284 1042 1508 1089 montibus,
1538 1041 1581 1081 in
1612 1055 1730 1096 spem

347 1098 542 1138 victoriae
584 1106 855 1138 ostentantur.
937 1096 1109 1137 Mauros
1151 1097 1442 1153 Numidasque
1483 1097 1729 1138 Masinissae

348 1155 567 1209 impotenti
585 1154 724 1194 futuro
742 1154 958 1194 dominatu
976 1162 1113 1194 terret.
1176 1153 1284 1195 Aliis
1305 1154 1406 1194 aliae
1424 1169 1515 1209 spes
1532 1169 1578 1195 ae
1596 1162 1731 1194 metus

347 1219 563 1251 1101111101
629 1210 1044 1263 Carthafriniensibus
1069 1211 1234 1251 moenia
1260 1211 1429 1275 patriae,
1459 1210 1514 1250 dii
1545 1219 1729 1266 penates,

348 1267 538 1322 sepulcra
559 1282 688 1307 1111101
691 1282 773 1315 um
787 1254 907 1307 liberi
930 1282 1025 1307 cum
1047 1267 1299 1331 pauentibus,
1323 1268 1520 1322 coniuges
1542 1266 1729 1322 pavidae,

349 1332 420 1363 aut
447 1324 657 1364 excidium
687 1324 997 1378 servitiumque,
1027 1331 1099 1364 aut
1129 1324 1351 1378 imperium
1379 1324 1488 1364 orbis
1515 1332 1729 1373 terrarum,

348 1380 453 1420 nihil
475 1392 547 1421 aut
567 1381 609 1420 111
632 1389 802 1428 metum,
824 1389 896 1420 aut
918 1381 960 1420 in
982 1395 1096 1435 spem
1119 1380 1304 1422 medium
1326 1388 1566 1421 ostentatur.

411 1438 555 1484 Quum
589 1437 768 1477 maxime
806 1437 831 1476 h
836 1452 907 1477 100
941 1437 1165 1491 11111101·11101
1199 1437 1311 1492 apud
1350 1437 1732 1492 Carthaginienses,

351 1494 478 1534 duces
498 1509 662 1534 suarum
692 1494 882 1548 gentium
911 1494 1020 1533 inter
1043 1493 1273 1549 populares,
1295 1494 1485 1548 plerique
1510 1508 1585 1548 per
1604 1482 1763 1548 inter-g

351 1559 488 1604 pretes
512 1551 617 1590 inter
637 1551 848 1590 immixtos
869 1550 1124 1605 alienia-onis,
1147 1559 1331 1605 agerent,
1349 1551 1471 1590 tubae
1493 1564 1732 1604 cornuaque

352 1608 402 1647 ab
437 1606 638 1647 Romanis
671 1608 937 1647 cecinerunt·
978 1616 1200 1662 tantusque
1232 1607 1386 1648 clamor
1416 1615 1541 1656 ortus,
1574 1615 1620 1647 ut
1649 1606 1734 1647 ele-

351 1663 499 1717 phanti
520 1663 563 1702 iu
585 1678 691 1711 suos,
714 1664 878 1703 sinistro
900 1664 1078 1704 maxime
1101 1679 1244 1713 cornu,
1267 1672 1537 1712 verterentur,
1561 1662 1733 1703 Mauros

353 1734 399 1759 ac
423 1719 641 1760 Numidas.
705 1719 885 1760 Addidit
905 1720 1023 1759 facile
1047 1720 1269 1760 Masinissa
1295 1720 1493 1776 perculsis
1521 1728 1732 1768 terrorem,

352 1776 609 1830 nudavitque
643 1776 693 1816 ab
726 1790 775 1815 ea
805 1785 921 1830 parte
954 1776 1086 1816 aciem
1121 1777 1304 1831 equestri
1340 1776 1506 1817 auxilio.
1568 1776 1733 1816 Paucae

354 1841 493 1872 tamen
516 1832 752 1880 bestiarum,
776 1831 1008 1886 intrepidae
1031 1832 1074 1871 in
1096 1832 1256 1872 hostem
1279 1840 1408 1881 actae,
1430 1832 1540 1873 inter
1559 1832 1734 1872 velitum

354 1889 519 1928 ordines
541 1904 635 1928 cum
657 1888 797 1928 multis
817 1889 900 1928 suis
922 1888 1161 1928 vulneribus
1190 1889 1404 1943 ingentem
1430 1897 1607 1943 stragem
1635 1888 1734 1928 ede-

354 1946 466 1985 bant.
531 1945 781 1984 Resilientes
812 1944 923 1984 0111111
953 1944 1005 1984 ad
1034 1945 1267 1999 manipulos
1293 1945 1449 1993 velites,
1472 1959 1603 1999 quum
1624 1944 1733 1985 viam

354 2001 598 2055 elephantis,
617 2016 669 2041 ne
692 2001 991 2048 obtererentur,
1009 2000 1224 2049 fecissent3
1248 2002 1291 2040 in
1314 2001 1514 2056 ancipites
1535 2001 1588 2041 ad
1604 2000 1732 2041 ictum
1749 2015 1765 2048 7

354 2058 563 2112 utrimque
585 2057 862 2097 coniiciebant
883 2057 1042 2104 hastas3
1072 2072 1149 2097 nec
1170 2057 1254 2112 pila
1274 2058 1324 2098 ab
1346 2057 1627 2112 antesignanis
1647 2071 1736 2098 ces-

354 2114 523 2162 sabant3
562 2114 695 2154 donec
732 2113 918 2177 undique
952 2113 1233 2154 incidentibus
1266 2114 1358 2154 telis
1390 2114 1525 2154 exacti
1560 2128 1613 2153 ex
1646 2113 1734 2154 Ro-

354 2186 393 2209 m
399 2186 477 2210 1111
507 2171 608 2219 acie,
635 2171 678 2210 hi
707 2185 875 2234 quoque
907 2170 949 2209 in
979 2184 1053 2210 500
1077 2169 1225 2210 dextio
1258 2185 1390 2210 cornu
1421 2170 1530 2224 ipsos
1557 2169 1734 2210 Cartha-

353 2227 604 2290 giniensium
623 2227 785 2283 equites
806 2227 849 2266 in
866 2226 1005 2280 fugam
1021 2241 1046 2265 v
1049 2241 1093 2266 01
1096 2234 1244 2266 1010111.
1288 2225 1470 2276 Laelius,
1488 2233 1535 2266 ut
1550 2226 1734 2267 turbatos

354 2283 458 2323 vidit
478 2283 629 2331 hostes,
652 2283 769 2323 addit
788 2261 986 2337 perculsis
1008 2289 1218 2324 terrorem.

413 2339 638 2394 Utrimque
664 2339 805 2395 equite
834 2338 991 2379 nudata
1015 2348 1102 2379 erat
1123 2338 1285 2379 Punica
1312 2338 1432 2389 acies,
1455 2353 1585 2394 quum
1606 2338 1734 2394 pedes

438 2471 491 2499 id
506 2475 608 2500 temoo
609 2479 654 2500 em
668 2469 811 2509 primum
822 2469 1021 2508 elephantos]
1068 2478 1150 2505 rum,
1168 2467 1334 2506 Hispanos
1351 2467 1582 2506 Hispanorum.

355 2512 467 2541 Potius
506 2512 666 2541 1111010101·
699 2513 830 2550 primos,
861 2511 946 2548 quod
984 2520 1023 2540 ex
1110 2509 1129 2540 6
1152 2511 1306 2549 Ileriqzoe
1331 2520 1392 2548 per
1421 2509 1627 2548 interpretes]
1659 2508 1733 2539 Ple-

354 2553 608 2592 Cantabrigieusi
626 2552 735 2582 codice
751 2553 844 2582 affert
860 2553 928 2582 Iac.
941 2552 1021 2582 Gro-
1066 2553 1158 2591 rique
1188 2551 1370 2581 emendarit
1400 2550 1540 2580 Gronov.
1534 2573 1554 2587 .‚
1584 2550 1638 2580 sed
1666 2550 1733 2589 ple-

354 2595 476 2631 11011115,
487 2599 518 2624 01
532 2595 636 2624 firmat
649 2598 754 2623 noster
765 2593 895 2632 Regius.
913 2594 1019 2624 CREV.
1066 2604 1165 2633 mque
1181 2593 1319 2624 Crevier.
1337 2596 1368 2621 et
1386 2592 1525 2622 Bekker.
1543 2595 1679 2622 servant.

353 2638 479 2666 Primos
495 2635 635 2674 reposuit
653 2636 793 2665 Bekker.
1109 2642 1125 2672 7
1148 2637 1190 2664 In
1220 2635 1391 2672 ancipites]
1434 2633 1606 2672 Utrimque
1634 2642 1733 2671 expo-

397 2688 413 2715 5
438 2680 544 2708 Duces
558 2688 692 2707 suarum
705 2678 850 2716 flentium
866 2678 951 2707 inter
964 2687 1018 2715 po-
1064 2676 1139 2706 sitos
1169 2679 1201 2706 et
1232 2679 1379 2714 patentes
1407 2676 1448 2705 ad
1478 2675 1616 2705 telorum
1649 2673 1734 2705 ictus

353 2721 499 2756 palm-es]
553 2719 703 2757 Intellige
746 2720 841 2748 duces
884 2729 1018 2748 suarum
1064 2718 1264 2756 elephantos.
1288 2717 1442 2747 GRONOV.

353 2770 511 2798 quemque
539 2762 695 2798 flentium,
727 2761 859 2791 Mauros
890 2761 1018 2790 Mauro—
