1871 3178
499 81 622 122 LIB.
657 81 873 121 XXVIII.
922 81 1066 121 (JAP.
1102 86 1138 123 9.
1430 87 1509 126 411

130 175 140 192 ‘
158 184 286 218 mum,
308 170 420 218 dein,
443 170 673 210 secundum
704 170 816 218 dcoS,
843 170 1088 217 consulmn‚'
1110 171 1439 225 responderunt3
1473 183 1515 214 et
1532 184 1573 215 U.
1590 186 1628 215 C.
1652 193 1724 223 545-

128 225 428 281 supplicatione
463 228 678 267 amborum
714 227 895 275 nomine,
925 236 967 267 et
998 227 1210 281 triumpho
1244 228 1409 284 utrique
1442 230 1515 270 de-
1528 226 1568 296 2¹·
1592 227 1725 298 (ι’-1207·

128 291 252 331 creto,
277 283 385 323 inter
406 284 526 338 ipsos,
550 299 615 332 nc,
639 298 768 338 quum
798 283 951 323 bellum
974 284 1187 323 communi
1209 285 1348 325 animo
1369 278 1725 349 ἔζεεείε-ῑζῖΐῐῗῑυρξὲζ

97 348 232 387 5sent‚
257 340 513 395 triumphuni
540 348 790 404 separarent,
813 340 870 380 ita
890 341 1108 380 convenit:
1143 346 1154 364 ‘
1171 349 1229 390 ut,
1253 341 1452 396 quoniam
1475 352 1516 384 et

130 396 196 435 ‘in
229 397 441 452 provincia
470 397 530 437 M.
552 397 661 438 Livii
693 412 756 437 res
786 405 901 452 gesta
931 405 1049 446 esset,
1073 406 1115 438 et
1142 412 1192 438 eo
1221 397 1303 447 die,
1327 414 1411 453 quo
1438 414 1517 454 pu-

130 458 329 507 ‘gnatum
360 454 478 502 foret,
513 454 601 494 eius
635 454 739 494 forte
776 453 1007 509 auspicium
1040 454 1196 503 fnisset,
1231 463 1273 495 et
1308 456 1516 497 exercitus

130 509 360 550 ‘Livianus
388 510 593 551 deductus
621 510 799 550 Romam
821 511 1013 558 venisset,
1038 510 1221 552 Neronis
1248 511 1401 553 deduci
1431 528 1516 554 non

130 567 360 621 ‘potuisset
395 567 447 608 de
483 567 708 622 provincia,
744 576 790 607 nt
822 566 882 607 M.
907 567 1090 615 Livium,
1125 568 1338 623 quadrigis
1370 570 1515 610 urbem

130 623 387 673 ‘ineuntem,
426 623 576 664 milites
616 632 914 678 sequerentur3
950 623 1000 664 C.
1032 624 1237 665 Claudius
1277 641 1387 681 equo
1428 627 1516 667 sinc

130 685 141 703 ‘
157 680 359 721 militibus
381 681 672 721 inveheretur.'
732 680 796 720 Ita
826 681 1086 721 consociatus
1113 682 1361 737 triumphus,
1385 699 1516 738 quum

130 737 308 792 utrique,
333 746 421 777 tum
451 737 580 792 magis
609 737 661 786 ci,
685 737 770 792 qui,
794 746 998 792 quantum
1029 739 1177 779 merito
1205 740 1403 789 anteibat,
1428 750 1516 781 tan-

96 801 217 834 6tum
248 794 404 834 honore
435 794 618 848 collegae
647 804 837 843 cesserat,
860 794 1034 849 gloriam
1056 796 1195 836 auxit:
1232 796 1376 837 ‘illum
1399 798 1517 852 equi-

131 856 141 874 ‘
159 851 269 899 tem,'
289 851 469 899 aiebant,
494 856 594 890 ‘sex
622 850 784 891 dierum
814 851 947 906 spatio
977 853 1262 894 transcurrisse
1289 853 1517 909 longitudi-

130 912 253 947 ‘nem
276 907 443 948 Italiae:
478 916 520 948 et
551 923 600 947 eo
632 907 699 948 die
731 923 826 948 cum
858 907 1122 949 Hasdrubale
1151 910 1195 950 in
1220 910 1359 951 Gallia
1389 911 1518 965 signis

130 969 141 987 ⁶
157 963 317 1004 collatis
338 979 556 1019 pugnasse,
585 980 669 1019 quo
691 980 786 1005 eum
809 974 942 1005 castra
969 965 1164 1006 adversus
1185 982 1272 1007 sese
1294 967 1337 1007 in
1360 968 1519 1023 Apulia

130 1021 291 1076 ‘posita
311 1021 464 1061 habere
489 1021 704 1061 Hannibal
732 1022 987 1062 credidisset.
1050 1022 1115 1062 Ita
1142 1038 1273 1063 unum
1303 1024 1517 1065 consulem

131 1083 141 1100 ‘
157 1093 231 1133 pro
254 1086 429 1132 utraque
451 1086 567 1132 parte
591 1077 735 1118 Italiac
758 1078 950 1118 adversos
971 1079 1075 1119 duos
1096 1079 1236 1128 duces,
1259 1080 1364 1121 duos
1386 1081 1518 1136 impe-

131 1140 326 1183 ‘ratores,
364 1134 461 1174 hinc
502 1134 721 1174 eonsilium
762 1150 896 1184 suum,
934 1135 1033 1175 hine
1073 1151 1222 1191 corpus
1262 1138 1514 1192 opposuisse.

131 1196 141 1214 ‘
161 1191 330 1231 Nomen
354 1190 536 1231 Neronis
561 1191 657 1231 satis
677 1191 800 1231 fuisse
829 1191 881 1231 ad
910 1193 1212 1233 continendum
1234 1194 1375 1235 castris
1398 1194 1518 1235 Han-

132 1247 363 1288 ‘nibalem:
400 1247 706 1288 Hasdrubalem
728 1263 838 1296 vere,
866 1264 949 1303 qua
979 1249 1057 1289 alia
1089 1264 1146 1297 re,
1177 1265 1302 1304 quam
1333 1251 1517 1292 adventu

132 1309 143 1327 ⁶
159 1305 261 1353 eius,
284 1304 478 1344 obrutum
508 1312 633 1359 atque
663 1305 915 1345 exstinctum
948 1307 1066 1346 csse?
1127 1306 1275 1361 Itaque
1308 1307 1387 1348 iret
1415 1307 1519 1348 alter

131 1361 303 1401 ‘consul
336 1361 523 1401 sublimis
556 1376 680 1401 curru
712 1361 954 1417 multiiugis,
986 1363 1019 1402 si
1051 1363 1188 1411 vellet,
1223 1364 1352 1418 equis.
1418 1364 1518 1405 Uno

132 1423 268 1472 ‘equo
301 1432 376 1472 per
408 1418 552 1457 urbem
584 1433 727 1457 verum
763 1419 1020 1474 triumphum
1047 1420 1165 1460 vehi:
1201 1420 1516 1476 Neronemque,

132 1475 284 1514 ‘etiam
318 1474 348 1513 si
384 1474 512 1529 pedes
543 1475 722 1523 incedat,
745 1475 809 1515 vel
841 1485 958 1530 parta
988 1491 1038 1516 eo
1069 1476 1191 1525 bello,
1214 1476 1280 1517 vel
1310 1486 1447 1532 spreta
1468 1493 1518 1518 eo

132 1531 372 1585 ‘triumpho
397 1531 540 1585 gloria,
567 1532 878 1572 memorabilem
907 1532 1020 1573 fore?
1082 1532 1141 1572 Hi
1178 1548 1389 1574 sermones
1424 1549 1518 1589 spe—

130 1588 333 1628 ctantium
373 1587 586 1627 Neronem
626 1603 757 1643 usque
795 1589 838 1628 in
872 1589 1127 1644 Capitolium
1163 1591 1370 1645 prosecuti
1406 1600 1515 1632 sunt.

102 1655 117 1686 7
133 1644 359 1685 Pecuniam
383 1644 425 1683 in
448 1645 649 1684 aerarium
674 1645 859 1685 tulerunt
880 1646 1115 1686 sestertium
1139 1647 1288 1695 tricies,
1307 1648 1519 1703 octoginta

131 1701 259 1741 millia
281 1701 396 1740 aeris,
447 1700 654 1741 Militibus
679 1701 738 1741 M.
761 1701 905 1742 Livius
927 1702 1246 1758 quinquagenos
1267 1719 1388 1744 senos
1409 1719 1518 1745 asses

130 1758 282 1797 divisit.
346 1757 616 1798 Tantundem
641 1758 689 1799 C.
712 1758 914 1799 Claudius
935 1759 1175 1800 absentibus
1203 1760 1406 1801 militibus
1434 1761 1517 1803 suis

130 1823 192 1855 est
222 1814 444 1869 pollicitus,
468 1829 598 1868 quum
629 1815 682 1854 ad
713 1815 944 1856 exercitum
976 1816 1160 1858 redisset.
1226 1817 1443 1865 Noenum,
1467 1833 1517 1859 eo

130 1871 198 1911 die
228 1871 348 1926 plura
375 1871 559 1911 carmina
586 1871 832 1912 militaribus
861 1873 961 1913 iocis
989 1873 1031 1912 in
1057 1873 1106 1913 C.
1129 1873 1369 1923 Claudium,
1392 1890 1516 1930 quam

130 1928 174 1967 in
207 1928 421 1968 consulem
456 1943 591 1976 suum,
624 1928 784 1968 iactata.
850 1929 1026 1983 Equites
1059 1930 1107 1969 L.
1129 1930 1353 1971 Veturium
1386 1941 1427 1971 et
1462 1932 1515 1979 Q„

134 1984 368 2025 Caecilium
390 1984 546 2038 legatos
568 1986 729 2039 magnis
751 1984 889 2025 tulisse
912 1985 1116 2034 laudibus,
1139 1986 1406 2041 hortatosque
1429 2003 1517 2027 esse

131 2041 310 2096 plebem,
330 2051 374 2080 ut
395 2055 465 2080 eos
487 2041 675 2080 consules
698 2041 741 2080 in
763 2041 999 2095 proximum
1022 2057 1178 2081 annum
1200 2052 1410 2083 crearent:
1445 2043 1517 2083 ad-

175 2162 191 2190 5
223 2153 275 2185 (ft,
291 2152 440 2189 quoniam
464 2173 470 2179 .
489 2173 495 2179 .
514 2174 520 2179 .
544 2155 577 2179 ut
593 2152 642 2179 nl.
658 2152 799 2187 Livium]
850 2151 1005 2190 Polybius
1032 2151 1073 2181 ix.
1103 2161 1130 2191 3.
1158 2152 1229 2190 plus
1256 2157 1410 2190 trecenta,
1434 2164 1517 2192 quae

134 2194 308 2224 Redundat
336 2192 491 2231 particula
519 2197 562 2225 al.
584 2198 615 2221 at
643 2203 704 2221 non
731 2192 802 2221 ideo
847 2193 919 2231 plus
949 2193 1106 2231 septagics
1133 2194 1180 2223 bis
1207 2195 1385 2224 sestertium
1414 2196 1516 2225 effice-

132 2236 279 2265 ‹lelenda.
325 2234 437 2264 Simile
453 2235 639 2272 exemplum
658 2235 801 2264 observa·
846 2239 927 2271 rent,
950 2235 982 2264 in
1006 2236 1162 2265 aerarium
1191 2237 1281 2266 illata.
1309 2247 1374 2267 esse
1399 2237 1516 2268 scribit.

134 2278 236 2307 vimus
246 2287 330 2315 supr.
339 2276 415 2306 xxii.
427 2287 438 2306 1
450 2286 472 2306 1.
482 2281 511 2305 et
522 2276 715 2314 reperiemus
725 2287 801 2315 quo-

133 2329 194 2357 qne
211 2318 282 2348 infr.
296 2318 404 2348 xxxvi.
423 2328 447 2347 1.
464 2322 493 2347 et
513 2328 540 2357 3.
566 2319 670 2348 Cam.
704 2319 801 2348 Hane

134 2360 323 2400 particulam
352 2364 399 2395 vl,
427 2364 495 2398 post
521 2361 678 2398 quaedam
707 2361 801 2390 inter-

134 2403 237 2441 posita
262 2401 444 2440 repetitam,
460 2402 663 2440 maximeque
686 2402 717 2431 in
744 2403 803 2431 for-

133 2445 230 2474 mulis
258 2443 455 2473 sollennibus
477 2444 685 2481 geminatam,
711 2444 802 2473 Livio

133 2497 200 2516 esse
222 2485 499 2515 familiarissimam
522 2486 637 2515 docent
661 2486 802 2517 Gronov.

133 2534 165 2558 et
183 2528 347 2558 Drakenb.

175 2569 194 2600 6
218 2571 313 2599 Illum
349 2570 501 2608 equitem]
543 2569 719 2604 Neronem,
749 2569 803 2607 qui

134 2622 215 2650 equo
234 2611 377 2643 vellatur.
394 2612 469 2640 dum
489 2611 609 2647 collega
626 2611 695 2640 eius
711 2621 802 2640 curru

134 2653 278 2684 sublimis
295 2653 421 2682 incedit.
447 2654 554 2682 (Ὶιιεν.

180 2704 194 2734 7
218 2697 402 2725 Sestertium
431 2696 553 2731 lricies]
583 2695 674 2723 llaec
700 2696 800 2724 forent

135 2738 238 2767 minus
263 2743 390 2766 centum
415 2736 522 2773 viginti
544 2747 598 2766 sex
621 2737 753 2772 talenta,
770 2741 800 2766 at

850 2278 946 2308 Unde
969 2278 1148 2316 suspicatur
1164 2278 1346 2309 Gronovius
1362 2280 1517 2309 excidisse

846 2320 971 2349 literam
987 2329 1015 2355 L,
1028 2330 1127 2358 quum
1145 2326 1292 2350 notatum
1310 2322 1389 2350 foret
1407 2330 1517 2358 LXXX,

846 2362 930 2399 quod
963 2366 1009 2391 est
1039 2364 1181 2401 octoffl'es,
1213 2374 1249 2392 ea
1279 2363 1362 2392 enim
1394 2363 1518 2393 talenta

848 2404 957 2441 paullo
984 2404 1124 2442 amplius
1149 2409 1292 2433 trecenta
1318 2404 1447 2443 triginta
1471 2415 1516 2434 es-

847 2450 926 2475 sent.
987 2445 1169 2475 Perizonius
1199 2447 1231 2475 in
1262 2446 1323 2475 hoe
1354 2446 1517 2485 triumpho

849 2487 986 2525 primum
1012 2497 1031 2516 a
1058 2487 1148 2517 Livio
1172 2489 1328 2518 sestertios
1348 2489 1516 2518 memorari

847 2528 1083 2563 animadvertit,
1107 2529 1137 2558 in
1163 2539 1264 2568 eoque
1291 2531 1426 2559 multam
1452 2540 1516 2560 ma-

848 2569 945 2599 iorem
969 2571 1103 2609 argenti,
1119 2581 1214 2609 quam
1240 2571 1332 2607 aeris,
1357 2582 1516 2602 summam

849 2611 1017 2647 nominari,
1044 2612 1176 2651 eiusque
1206 2613 1251 2643 rei
1283 2624 1411 2644 causam
1439 2624 1517 2652 esse,

847 2654 930 2691 quod
950 2654 1010 2682 iam
1030 2658 1097 2683 tum
1120 2665 1195 2685 usus
1215 2656 1336 2694 argenti
1353 2667 1428 2695 prae
1444 2667 1516 2687 aere

847 2696 877 2725 in
897 2696 1094 2726 commerciis
1110 2697 1302 2728 invalescere
1318 2703 1476 2738 coeperat.
