1877 3178
369 98 451 138 478
879 95 1026 138 ΤΙΤΙ
1063 95 1243 138 L1V11

165 196 208 227 U.
226 196 263 227 C.
287 196 357 236 548.
372 190 383 208 ί
399 193 442 226 et
462 200 592 240 quum
615 186 795 226 maxime
816 187 1010 241 patimur,
1033 186 1178 227 Patres
1200 187 1447 243 conscripti3
1472 190 1621 238 omnia,
1645 205 1750 246 quae

163 239 202 268 A.
227 239 265 270 C·
287 246 385 277 204·‘
400 242 673 283 crudelissimi
704 250 828 297 atque
858 243 1201 297 importunissimi
1233 245 1398 299 tyranni
1426 245 1579 286 scelera
1604 246 1649 286 in
1679 262 1753 302 op-

230 363 293 400 18.

374 303 386 321 ‘
401 313 560 354 pressos
580 299 688 339 cives
710 299 853 348 edunt,
876 299 1107 340 Pleminius
1135 300 1178 339 in
1206 315 1293 349 nos,
1316 300 1548 356 liberosque
1577 310 1750 352 nostros,

374 359 386 377 ‘
401 363 444 396 et
464 355 673 410 coniuges,
696 355 839 396 edidit.
894 355 1039 395 Unum
1062 364 1135 405 est,
1159 357 1210 396 de
1234 372 1317 412 quo
1339 358 1586 398 nominatim
1615 367 1657 398 et
1676 374 1752 400 nos

374 417 387 435 ‘
402 412 519 467 queri
540 412 685 467 religio
702 412 831 452 infixa
847 412 995 452 animis
1012 421 1144 467 cogat,
1162 422 1204 453 et
1219 428 1290 453 vos
1307 413 1463 462 audire,
1483 423 1524 454 et
1541 414 1750 456 exsolvere

374 473 386 491 ‘
401 468 698 524 rempublicam
720 477 896 509 vestram
924 468 1137 524 religione,
1165 469 1197 509 si
1226 469 1282 510 ita
1302 470 1417 510 vobis
1438 470 1659 520 videbitur,
1681 486 1782 516 νεῖ-3

374 530 385 547 ‘
400 524 546 573 limus,
578 525 721 565 Patres
761 525 993 580 conscripti.
1056 525 1252 565 Vidimus
1292 526 1417 575 enim,
1460 542 1555 567 cum
1597 536 1752 582 quanta

374 585 385 604 ‘
401 581 651 622 caerimonia
677 596 762 622 non
789 590 944 622 vestros
972 582 1104 622 solum
1132 582 1275 623 colatis
1296 582 1407 631 deos,
1430 583 1504 624 sed
1532 583 1657 624 etiam
1679 599 1783 628 θὶς-4

373 643 540 678 ‘ternos
571 638 790 693 accipiatis.
854 638 1014 678 Fanum
1045 647 1106 679 est
1137 639 1248 693 apud
1279 654 1353 679 nos
1381 639 1666 695 Proserpinae,
1698 641 1751 681 de

373 699 386 717 ‘
401 695 517 734 cuius
545 695 760 735 sanctitate
790 695 935 749 templi
964 695 1088 735 credo
1116 695 1296 750 aliquam
1320 696 1470 736 famam
1493 696 1545 736 ad
1566 711 1637 737 vos
1657 712 1752 752 per·

373 755 385 773 ‘
400 751 559 790 venisse
578 751 729 806 Pyrrhi
745 751 876 791 bello:
902 752 974 805 qui
996 766 1139 806 quum,
1158 767 1210 791 ex
1235 752 1376 792 Sicilia
1395 752 1573 801 rediens,
1597 753 1752 794 Locros

373 807 526 847 ‘classe
566 807 961 862 praeterveheretur,
996 808 1105 848 inter
1145 808 1224 848 alia
1262 809 1397 856 foeda,
1435 824 1542 863 quae
1582 819 1753 865 propter

373 868 384 886 ‘
400 863 527 904 fidem
555 879 651 918 erga
671 879 743 904 vos
771 864 815 902 in
840 864 1049 904 civitatem
1077 872 1259 905 nostram
1284 865 1467 905 facinora
1491 865 1637 914 edidit,
1660 866 1751 907 the-

373 924 538 959 ‘sauros
569 934 736 974 quoque
769 919 1054 973 Proserpinae,
1087 920 1262 961 intactos
1294 921 1346 961 ad
1377 936 1469 961 eam
1499 922 1624 971 diem,
1657 937 1751 978 spo-

372 981 384 998 ‘
400 975 537 1015 liavit:
571 984 697 1030 atque
718 975 788 1023 ita,
810 976 988 1030 pecunia
1013 976 1055 1015 in
1078 991 1202 1016 naves
1223 977 1427 1032 imposita,
1450 978 1536 1032 ipse
1560 987 1668 1018 terra
1689 988 1751 1020 est

373 1036 384 1054 ‘
399 1032 617 1087 profectus.
684 1031 800 1078 Quid
821 1046 919 1085 ergo
941 1032 1092 1080 evenit,
1116 1033 1260 1073 Patres
1282 1034 1532 1088 conscripti?
1595 1034 1749 1076 Classis

373 1093 384 1111 ‘
399 1096 564 1143 postero
605 1088 672 1128 die
718 1088 955 1128 foedissima
1000 1096 1243 1144 tempestate
1290 1089 1477 1138 lacerata,
1522 1105 1748 1146 omnesque

372 1149 384 1167 ‘
399 1159 536 1193 naveS,
559 1159 665 1200 quae
694 1159 850 1185 sacram
879 1145 1099 1199 pecuniam
1128 1146 1375 1195 habuerunt,
1398 1147 1442 1186 in
1471 1146 1591 1187 litora
1611 1156 1750 1189 nostra

372 1207 383 1224 ‘
399 1202 554 1242 eiectae.
596 1209 702 1241 sunt.
789 1201 886 1248 Qua
921 1210 1036 1241 tanta
1076 1202 1191 1242 clade
1233 1202 1405 1243 edoctus
1446 1203 1615 1244 tandem
1651 1204 1750 1245 deos

372 1263 383 1280 ⁶
399 1273 485 1298 esse
508 1258 822 1313 superbissimus
848 1273 934 1306 rex,
957 1259 1175 1312 pecuniam
1206 1274 1373 1299 omnem
1402 1260 1677 1314 conquisitam
1706 1261 1749 1301 in

372 1320 383 1337 ‘
400 1315 611 1355 thesauros
653 1314 926 1369 Proserpinae
974 1315 1115 1355 referri
1166 1315 1293 1355 iussit.
1357 1315 1450 1356 Nec
1501 1326 1640 1356 tamen
1689 1317 1750 1357 illi

371 1377 383 1394 ‘
399 1386 583 1426 unquam
624 1379 768 1425 postea
806 1371 991 1426 prosperi
1032 1372 1257 1426 quicquam
1298 1372 1437 1412 evenit
1459 1389 1467 1412 ε
1520 1372 1746 1428 pulsusque

371 1433 382 1451 ‘
399 1427 530 1476 Italia,
560 1427 735 1482 ignobili
763 1436 887 1482 atque
917 1427 1136 1468 inhonesta
1168 1437 1312 1477 morte,
1343 1437 1497 1469 temere
1531 1438 1652 1470 nocte
1686 1430 1750 1469 in-

370 1490 559 1539 ‘gressus
592 1484 741 1539 Argos,
776 1484 982 1524 occubuit.
1046 1483 1163 1525 Haec
1205 1500 1335 1539 quum
1367 1485 1548 1526 audisset
1588 1486 1748 1541 legatus

371 1547 544 1589 ‘vester,
577 1541 816 1595 tribunique
851 1541 1043 1589 militum,
1078 1549 1119 1581 et
1152 1541 1263 1581 mille
1296 1541 1387 1590 alia,
1421 1557 1528 1596 quae
1560 1557 1645 1583 non
1676 1558 1749 1583 au-

372 1602 382 1619 ‘
397 1597 558 1650 gelidae
580 1597 790 1651 religionis
811 1612 945 1643 causa,
969 1597 1041 1637 sed
1063 1598 1288 1652 praesentis
1310 1598 1412 1638 deae
1434 1599 1605 1639 numine
1627 1614 1748 1654 saepe

371 1658 610 1707 ‘comperta
639 1653 758 1692 nobis
788 1654 1094 1708 maioribusque
1126 1655 1289 1703 nostris,
1321 1655 1626 1703 referebantur3
1660 1656 1748 1696 ausi

372 1715 384 1732 ‘
399 1717 496 1749 sunt
516 1708 648 1748 nihilo
670 1709 806 1748 minus
827 1709 1042 1763 sacrilegas
1067 1710 1286 1750 admovere
1312 1725 1458 1751 manus
1483 1712 1648 1752 intactis
1669 1712 1748 1752 illis

372 1765 612 1813 ‘thesauris,
650 1773 691 1805 et
730 1765 910 1804 nefanda
944 1764 1098 1819 praeda
1129 1781 1171 1805 se
1208 1766 1316 1820 ipsos
1348 1782 1394 1806 ac
1425 1767 1570 1807 domos
1606 1776 1748 1808 conta-

372 1828 384 1845 ‘
399 1822 555 1861 minare
577 1836 668 1861 suas
689 1828 731 1861 et
751 1821 903 1861 milites
923 1828 1089 1861 vestros.
1150 1821 1326 1870 Quibus,
1349 1837 1424 1876 per
1444 1838 1514 1862 vos
1535 1823 1745 1878 fidemque
1761 1836 1778 1867 5

371 1884 587 1926 ‘vestram,
620 1877 764 1917 Patres
795 1877 1029 1931 conscripti,
1061 1877 1303 1932 priusquam
1334 1893 1477 1918 eorum
1511 1879 1643 1919 scelus
1675 1888 1780 1920 θὶς-6

370 1940 382 1958 ‘
397 1935 531 1989 pietis,
553 1949 690 1988 neque
712 1933 756 1973 in
778 1933 909 1982 Italia,
932 1948 1069 1987 neque
1095 1934 1139 1973 in
1161 1934 1304 1974 Africa
1326 1934 1550 1989 quicquam
1575 1936 1635 1976 rei
1656 1951 1748 1991 ges-

412 2066 429 2095 3
452 2055 689 2094 Rempublicmn
710 2059 844 2084 vestram
867 2053 1033 2093 νσῖὶῃὲοηε]

370 2099 508 2129 Peccato
525 2100 635 2126 contra
650 2096 846 2135 religionem,
864 2096 1002 2134 piaculo.

411 2152 429 2178 4
452 2141 562 2170 Etiam
596 2144 741 2168 ewlernos
771 2137 952 2176 accipiatis]
995 2139 1034 2168 cf.

369 2182 464 2217 Quae
486 2181 525 2210 de
548 2181 647 2210 Idaea
669 2184 770 2209 matre
796 2190 880 2218 supr.
906 2189 952 2217 14.
974 2183 1033 2209 tra-

368 2225 497 2253 duntur.

412 2274 428 2303 5
452 2267 520 2295 Per
536 2274 587 2294 vos
600 2265 761 2302 fidemque
776 2262 930 2301 vestram]
958 2263 1033 2292 Par-

368 2306 501 2337 ticulam
526 2317 586 2346 que
611 2305 800 2335 eiiciendam
823 2308 930 2334 censet
954 2304 1033 2334 Gro-

368 2349 492 2385 novius,
521 2357 617 2386 quem
649 2347 788 2377 Bekker.
820 2350 947 2376 secutus
977 2350 1034 2382 est,

368 2391 422 2429 qni
445 2402 498 2421 vos
523 2390 555 2419 in
580 2399 654 2419 casu
677 2392 789 2427 quarto
815 2388 943 2426 accipit,
966 2389 1033 2418 sub.

364 2443 549 2471 precamur,
566 2435 597 2461 et
618 2431 724 2460 locum
746 2430 791 2460 ita
808 2430 942 2468 refingit.
964 2440 1034 2467 per,

368 2486 431 2509 vos,
460 2475 560 2513 fidem
596 2477 744 2509 vestram,
779 2482 821 2502 sc.
854 2481 909 2510 per
939 2472 1034 2500 fidem

369 2520 505 2545 vestram
535 2525 589 2545 vos
620 2516 830 2543 obsecramus.
883 2513 1036 2543 Similiter

369 2558 484 2592 Quint.
507 2558 596 2587 Curt.
619 2567 647 2585 v.
670 2557 698 2586 8.
719 2554 766 2585 16.
815 2557 881 2585 Per
905 2566 959 2593 eyo
983 2566 1036 2584 vos

368 2600 479 2629 decora
507 2600 673 2628 maim-mn.
718 2597 897 2627 Crevierius
926 2600 1034 2625 tamen

370 2642 530 2679 vulgatam
559 2640 728 2669 lectionem
757 2638 911 2675 defendit,
938 2648 1033 2676 quam

368 2683 437 2711 cod.
456 2682 642 2711 Victorinus
659 2681 798 2710 exhibet.

410 2722 429 2751 6
452 2724 647 2762 Priusquam
673 2733 778 2753 eorum
804 2723 904 2751 scelus
928 2723 1031 2760 arpie-

367 2764 419 2798 tis,
437 2774 538 2802 neque
558 2766 592 2793 in
612 2766 722 2799 Italia,
743 2774 844 2803 neque
866 2765 900 2792 in
916 2764 1031 2800 Africa

367 2805 534 2842 quicquam
569 2804 631 2842 rei]
672 2805 765 2834 Haec
803 2804 909 2834 omnia
947 2805 1032 2833 solus

1081 2055 1181 2084 codex
1211 2053 1397 2085 Victorinus
1422 2055 1514 2085 nobis
1542 2055 1665 2095 integra
1694 2067 1746 2087 ex-

1080 2096 1192 2127 hibuit.
1240 2097 1279 2126 In
1307 2097 1419 2127 ceteris
1445 2099 1537 2128 codd.
1564 2099 1689 2136 nostris,
1712 2102 1748 2128 ut

1080 2142 1111 2167 et
1136 2138 1167 2167 in
1193 2138 1417 2175 Gronmianis,
1440 2139 1520 2168 nihil
1544 2140 1608 2169 fere
1633 2140 1747 2170 horum

1080 2184 1193 2209 exstat.
1240 2180 1316 2209 Non
1333 2190 1501 2218 possumus
1519 2184 1627 2211 tamen
1643 2192 1746 2212 assen-

1078 2221 1130 2250 tiri
1149 2222 1312 2251 Gronovio
1336 2231 1373 2251 ea
1396 2223 1562 2259 recidenti,
1578 2227 1610 2253 et
1633 2223 1746 2253 horum

1079 2263 1222 2292 omnium
1250 2263 1320 2292 loco
1350 2264 1554 2293 substituenti
1584 2276 1625 2295 ‘ne
1651 2276 1746 2304 quam

1078 2315 1153 2335 rem.
1200 2304 1232 2334 Si
1259 2308 1385 2334 tantum
1413 2306 1570 2335 credimus
1596 2307 1670 2337 Put.
1695 2317 1745 2337 co-

1079 2346 1153 2383 dici,
1176 2347 1252 2384 quid
1276 2347 1331 2376 fiet
1355 2347 1405 2376 his
1428 2347 1570 2377 eiusdem
1595 2349 1746 2378 orationis

1079 2388 1167 2426 locis,
1199 2398 1280 2426 quae
1310 2389 1476 2418 decurtata
1506 2393 1538 2418 et
1566 2390 1682 2419 mutila
1712 2390 1745 2420 in

1079 2431 1191 2459 eodem
1222 2430 1302 2459 libro
1332 2430 1559 2468 reperiuntur?
1614 2433 1744 2467 Quales-

1079 2482 1204 2510 cwzque
1229 2482 1349 2508 sumus,
1373 2474 1445 2510 pati
1471 2483 1535 2502 mm
1559 2473 1723 2503 debuimus
1733 2486 1743 2503 .-

1080 2513 1202 2542 omissis
1217 2513 1340 2549 mediis,
1353 2518 1458 2543 tamen
1473 2515 1550 2544 Ilaec
1565 2525 1647 2553 quae
1656 2516 1744 2553 passi

1078 2565 1196 2584 sumus.
1243 2554 1297 2591 Et,
1312 2565 1406 2593 saepe
1420 2560 1579 2594 comperta
1594 2557 1744 2595 nobisque

1078 2598 1204 2632 nos-sris,
1226 2606 1281 2634 pro
1309 2598 1397 2626 nobis
1420 2598 1654 2637 maioribusque
1675 2608 1744 2628 nos-

1079 2640 1146 2667 tris.
1202 2638 1256 2674 Et,
1276 2640 1349 2667 IIas
1372 2639 1431 2668 (lea
1450 2649 1570 2676 poenas
1594 2649 1613 2668 a
1636 2640 1743 2678 templi

1077 2681 1128 2709 sui
1152 2681 1356 2709 violatoribus
1379 2681 1473 2710 habet
1495 2681 1625 2716 desinet,
1649 2681 1741 2710 omis-

1077 2721 1118 2750 sis
1133 2721 1196 2750 τοῖς
1212 2731 1268 2751 nec
1289 2725 1374 2757 ante,
1391 2724 1472 2759 quae
1494 2722 1671 2760 praefigunt
1692 2731 1740 2751 ce-

1076 2762 1134 2792 teri
1151 2762 1222 2791 libri
1240 2763 1333 2792 verbo
1349 2764 1479 2798 desinet,
1495 2766 1527 2792 et
1543 2763 1672 2792 omnino
1687 2772 1739 2792 ne-

1077 2804 1210 2833 cessaria
1225 2808 1297 2834 sunt
1314 2804 1355 2834 ad
1367 2804 1589 2842 integrandum
1602 2812 1738 2834 sensum.
