<?xml version="1.0" encoding="UTF-8"?>
<!DOCTYPE html PUBLIC "-//W3C//DTD XHTML 1.0 Transitional//EN"
    "http://www.w3.org/TR/xhtml1/DTD/xhtml1-transitional.dtd">
<html xmlns="http://www.w3.org/1999/xhtml" xml:lang="en" lang="en">
 <head>
  <title>
</title>
<meta http-equiv="Content-Type" content="text/html;charset=utf-8" />
  <meta name='ocr-system' content='tesseract 3.04.00' />
  <meta name='ocr-capabilities' content='ocr_page ocr_carea ocr_par ocr_line ocrx_word'/>
</head>
<body>
  <div class='ocr_page' id='page_1' title='image "./historiarumaburb02livyuoft_0045.png"; bbox 0 0 1809 3178; ppageno 0'>
   <div class='ocr_carea' id='block_1_1' title="bbox 500 114 1481 158">
    <p class='ocr_par' dir='ltr' id='par_1_1' title="bbox 500 114 1481 158">
     <span class='ocr_line' id='line_1_1' title="bbox 500 114 1481 158; baseline 0.001 -2"><span class='ocrx_word' id='word_1_1' title='bbox 500 115 623 156; x_wconf 74' lang='lat' dir='ltr'>Llss.</span> <span class='ocrx_word' id='word_1_2' title='bbox 658 114 782 155; x_wconf 88' lang='lat' dir='ltr'>XXI.</span> <span class='ocrx_word' id='word_1_3' title='bbox 829 115 974 155; x_wconf 70' lang='grc' dir='ltr'>(ἶΛῙ).</span> <span class='ocrx_word' id='word_1_4' title='bbox 1008 121 1074 156; x_wconf 66' lang='grc' dir='ltr'>Ἡ).</span> <span class='ocrx_word' id='word_1_5' title='bbox 1430 123 1481 158; x_wconf 71' lang='lat'>:55</span> 
     </span>
    </p>
   </div>
   <div class='ocr_carea' id='block_1_2' title="bbox 53 201 1688 2247">
    <p class='ocr_par' dir='ltr' id='par_1_2' title="bbox 53 201 1688 2247">
     <span class='ocr_line' id='line_1_2' title="bbox 68 201 1683 257; baseline 0.004 -16"><span class='ocrx_word' id='word_1_6' title='bbox 68 201 325 242; x_wconf 82' lang='lat' dir='ltr'>2cxcrcinun</span> <span class='ocrx_word' id='word_1_7' title='bbox 364 202 587 248; x_wconf 81' lang='lat' dir='ltr'>Hannibal,</span> <span class='ocrx_word' id='word_1_8' title='bbox 624 212 667 243; x_wconf 82' lang='lat' dir='ltr'>ut</span> <span class='ocrx_word' id='word_1_9' title='bbox 700 203 804 257; x_wconf 84' lang='lat' dir='ltr'>parti</span> <span class='ocrx_word' id='word_1_10' title='bbox 839 203 955 243; x_wconf 84' lang='lat' dir='ltr'>alteri</span> <span class='ocrx_word' id='word_1_11' title='bbox 994 204 1148 243; x_wconf 87' lang='lat' dir='ltr'>auxilio</span> <span class='ocrx_word' id='word_1_12' title='bbox 1185 214 1302 252; x_wconf 69' lang='lat' dir='ltr'>esset,</span> <span class='ocrx_word' id='word_1_13' title='bbox 1343 206 1382 247; x_wconf 85' lang='lat' dir='ltr'>in</span> <span class='ocrx_word' id='word_1_14' title='bbox 1419 215 1683 255; x_wconf 52' lang='lat' dir='ltr'>re-1&#39;.(⁴.‚=34.</span> 
     </span>
     <span class='ocr_line' id='line_1_3' title="bbox 98 258 1684 316; baseline 0.003 -19"><span class='ocrx_word' id='word_1_15' title='bbox 98 258 276 298; x_wconf 77' lang='lat' dir='ltr'>lieiendo</span> <span class='ocrx_word' id='word_1_16' title='bbox 300 260 477 299; x_wconf 82' lang='lat' dir='ltr'>maxime</span> <span class='ocrx_word' id='word_1_17' title='bbox 501 260 749 300; x_wconf 68' lang='lat' dir='ltr'>sentientem</span> <span class='ocrx_word' id='word_1_18' title='bbox 771 269 981 299; x_wconf 80' lang='lat' dir='ltr'>contracta</span> <span class='ocrx_word' id='word_1_19' title='bbox 1002 270 1098 300; x_wconf 81' lang='lat' dir='ltr'>ante</span> <span class='ocrx_word' id='word_1_20' title='bbox 1123 261 1240 308; x_wconf 81' lang='lat' dir='ltr'>mala,</span> <span class='ocrx_word' id='word_1_21' title='bbox 1259 277 1339 301; x_wconf 89' lang='lat' dir='ltr'>non</span> <span class='ocrx_word' id='word_1_22' title='bbox 1364 272 1480 316; x_wconf 86' lang='lat' dir='ltr'>pote·</span> <span class='ocrx_word' id='word_1_23' title='bbox 1496 260 1532 289; x_wconf 73' lang='grc' dir='ltr'>Λ·</span> <span class='ocrx_word' id='word_1_24' title='bbox 1559 262 1594 289; x_wconf 57' lang='lat'>‘²</span> <span class='ocrx_word' id='word_1_25' title='bbox 1616 264 1684 289; x_wconf 61' lang='lat'><strong>²¹⁵⁴·</strong></span> 
     </span>
     <span class='ocr_line' id='line_1_4' title="bbox 97 316 1479 372; baseline 0.003 -18"><span class='ocrx_word' id='word_1_26' title='bbox 97 324 168 354; x_wconf 89' lang='lat' dir='ltr'>rat.</span> <span class='ocrx_word' id='word_1_27' title='bbox 235 316 379 355; x_wconf 82' lang='lat' dir='ltr'>Otium</span> <span class='ocrx_word' id='word_1_28' title='bbox 413 317 567 357; x_wconf 91' lang='lat' dir='ltr'>etenim</span> <span class='ocrx_word' id='word_1_29' title='bbox 593 332 645 355; x_wconf 80' lang='lat' dir='ltr'>ex</span> <span class='ocrx_word' id='word_1_30' title='bbox 679 316 829 364; x_wconf 91' lang='lat' dir='ltr'>labore,</span> <span class='ocrx_word' id='word_1_31' title='bbox 853 317 971 371; x_wconf 86' lang='lat' dir='ltr'>copia</span> <span class='ocrx_word' id='word_1_32' title='bbox 1002 332 1052 356; x_wconf 82' lang='lat' dir='ltr'>ex</span> <span class='ocrx_word' id='word_1_33' title='bbox 1087 318 1238 372; x_wconf 78' lang='lat' dir='ltr'>inopia,</span> <span class='ocrx_word' id='word_1_34' title='bbox 1262 318 1397 358; x_wconf 79' lang='lat' dir='ltr'>cultus</span> <span class='ocrx_word' id='word_1_35' title='bbox 1428 335 1479 359; x_wconf 79' lang='lat' dir='ltr'>ex</span> 
     </span>
     <span class='ocr_line' id='line_1_5' title="bbox 67 371 1479 429; baseline 0.002 -17"><span class='ocrx_word' id='word_1_36' title='bbox 67 371 237 412; x_wconf 84' lang='lat' dir='ltr'>3illuvic</span> <span class='ocrx_word' id='word_1_37' title='bbox 276 373 466 428; x_wconf 87' lang='lat' dir='ltr'>tabeque,</span> <span class='ocrx_word' id='word_1_38' title='bbox 498 372 686 427; x_wconf 83' lang='lat' dir='ltr'>squalida</span> <span class='ocrx_word' id='word_1_39' title='bbox 721 382 760 413; x_wconf 84' lang='lat' dir='ltr'>et·</span> <span class='ocrx_word' id='word_1_40' title='bbox 798 388 925 428; x_wconf 83' lang='lat' dir='ltr'>prope</span> <span class='ocrx_word' id='word_1_41' title='bbox 964 375 1134 413; x_wconf 80' lang='lat' dir='ltr'>cfl&#39;crata</span> <span class='ocrx_word' id='word_1_42' title='bbox 1168 390 1341 429; x_wconf 83' lang='lat' dir='ltr'>corpora</span> <span class='ocrx_word' id='word_1_43' title='bbox 1372 376 1479 415; x_wconf 74' lang='lat' dir='ltr'>varic</span> 
     </span>
     <span class='ocr_line' id='line_1_6' title="bbox 96 430 1661 486; baseline 0.001 -19"><span class='ocrx_word' id='word_1_44' title='bbox 96 430 329 469; x_wconf 74' lang='lat' dir='ltr'>movebant.</span> <span class='ocrx_word' id='word_1_45' title='bbox 394 430 456 469; x_wconf 83' lang='lat' dir='ltr'>Ea</span> <span class='ocrx_word' id='word_1_46' title='bbox 478 430 522 469; x_wconf 88' lang='lat' dir='ltr'>P.</span> <span class='ocrx_word' id='word_1_47' title='bbox 545 430 743 469; x_wconf 76' lang='lat' dir='ltr'>Cornelio</span> <span class='ocrx_word' id='word_1_48' title='bbox 772 430 928 469; x_wconf 77' lang='lat' dir='ltr'>consuli</span> <span class='ocrx_word' id='word_1_49' title='bbox 954 446 1076 470; x_wconf 74' lang='lat' dir='ltr'>causa</span> <span class='ocrx_word' id='word_1_50' title='bbox 1097 431 1187 477; x_wconf 81' lang='lat' dir='ltr'>fuit,</span> <span class='ocrx_word' id='word_1_51' title='bbox 1211 447 1340 486; x_wconf 83' lang='lat' dir='ltr'>quum</span> <span class='ocrx_word' id='word_1_52' title='bbox 1368 432 1661 471; x_wconf 56' lang='lat' dir='ltr'>l&#39;isasvorm-tms</span> 
     </span>
     <span class='ocr_line' id='line_1_7' title="bbox 95 486 1675 554; baseline 0.004 -31"><span class='ocrx_word' id='word_1_53' title='bbox 95 486 268 525; x_wconf 81' lang='lat' dir='ltr'>navibus</span> <span class='ocrx_word' id='word_1_54' title='bbox 283 487 472 534; x_wconf 76' lang='lat' dir='ltr'>venisset,</span> <span class='ocrx_word' id='word_1_55' title='bbox 489 486 674 526; x_wconf 84' lang='lat' dir='ltr'>exercitu</span> <span class='ocrx_word' id='word_1_56' title='bbox 692 502 715 526; x_wconf 86' lang='lat' dir='ltr'>a</span> <span class='ocrx_word' id='word_1_57' title='bbox 730 486 892 525; x_wconf 55' lang='lat' dir='ltr'>Elanlio</span> <span class='ocrx_word' id='word_1_58' title='bbox 909 487 1125 542; x_wconf 75' lang='lat' dir='ltr'>Atilioque</span> <span class='ocrx_word' id='word_1_59' title='bbox 1142 499 1312 543; x_wconf 83' lang='lat' dir='ltr'>accepto</span> <span class='ocrx_word' id='word_1_60' title='bbox 1331 489 1477 537; x_wconf 87' lang='lat' dir='ltr'>tirone,</span> <span class='ocrx_word' id='word_1_61' title='bbox 1493 486 1564 542; x_wconf 38' lang='lat'>‘2³³²</span> <span class='ocrx_word' id='word_1_62' title='bbox 1582 486 1634 545; x_wconf 61' lang='lat' dir='ltr'><em>‘&#39;¹&#39;J</em></span> <span class='ocrx_word' id='word_1_63' title='bbox 1658 526 1675 554; x_wconf 75' lang='lat' dir='ltr'>&#39;t</span> 
     </span>
     <span class='ocr_line' id='line_1_8' title="bbox 95 537 1688 598; baseline 0.003 -17"><span class='ocrx_word' id='word_1_64' title='bbox 95 551 135 581; x_wconf 89' lang='lat' dir='ltr'>ct</span> <span class='ocrx_word' id='word_1_65' title='bbox 165 542 206 581; x_wconf 86' lang='lat' dir='ltr'>in</span> <span class='ocrx_word' id='word_1_66' title='bbox 239 543 354 583; x_wconf 63' lang='lat' dir='ltr'>nox-is</span> <span class='ocrx_word' id='word_1_67' title='bbox 386 543 623 597; x_wconf 70' lang='lat' dir='ltr'>ignominiis</span> <span class='ocrx_word' id='word_1_68' title='bbox 655 543 830 598; x_wconf 87' lang='lat' dir='ltr'>trepido,</span> <span class='ocrx_word' id='word_1_69' title='bbox 858 543 910 583; x_wconf 87' lang='lat' dir='ltr'>ad</span> <span class='ocrx_word' id='word_1_70' title='bbox 947 543 1109 584; x_wconf 85' lang='lat' dir='ltr'>Padum</span> <span class='ocrx_word' id='word_1_71' title='bbox 1141 544 1388 588; x_wconf 80' lang='lat' dir='ltr'>festinandi:</span> <span class='ocrx_word' id='word_1_72' title='bbox 1434 537 1688 585; x_wconf 55' lang='lat' dir='ltr'>11t⁸¹‘¹¹¹¹⁸‘¹¹¹&#39;</span> 
     </span>
     <span class='ocr_line' id='line_1_9' title="bbox 94 599 1475 656; baseline 0.002 -18"><span class='ocrx_word' id='word_1_73' title='bbox 94 613 189 638; x_wconf 89' lang='lat' dir='ltr'>cum</span> <span class='ocrx_word' id='word_1_74' title='bbox 212 599 328 639; x_wconf 84' lang='lat' dir='ltr'>hoste</span> <span class='ocrx_word' id='word_1_75' title='bbox 351 599 537 639; x_wconf 81' lang='lat' dir='ltr'>nondum</span> <span class='ocrx_word' id='word_1_76' title='bbox 561 600 714 640; x_wconf 80' lang='lat' dir='ltr'>refecto</span> <span class='ocrx_word' id='word_1_77' title='bbox 737 614 905 639; x_wconf 85' lang='lat' dir='ltr'>manum</span> <span class='ocrx_word' id='word_1_78' title='bbox 929 610 1174 641; x_wconf 73' lang='lat' dir='ltr'>consereret.</span> <span class='ocrx_word' id='word_1_79' title='bbox 1241 602 1323 641; x_wconf 68' lang='lat' dir='ltr'>Sed</span> <span class='ocrx_word' id='word_1_80' title='bbox 1346 618 1475 656; x_wconf 90' lang='lat' dir='ltr'>quum</span> 
     </span>
     <span class='ocr_line' id='line_1_10' title="bbox 94 654 1473 704; baseline 0.004 -10"><span class='ocrx_word' id='word_1_81' title='bbox 94 654 350 696; x_wconf 73' lang='lat' dir='ltr'>Placentiam</span> <span class='ocrx_word' id='word_1_82' title='bbox 372 656 514 696; x_wconf 86' lang='lat' dir='ltr'>consul</span> <span class='ocrx_word' id='word_1_83' title='bbox 537 657 662 703; x_wconf 81' lang='lat' dir='ltr'>venit,</span> <span class='ocrx_word' id='word_1_84' title='bbox 682 657 761 696; x_wconf 85' lang='lat' dir='ltr'>iam</span> <span class='ocrx_word' id='word_1_85' title='bbox 785 672 837 696; x_wconf 84' lang='lat' dir='ltr'>ex</span> <span class='ocrx_word' id='word_1_86' title='bbox 859 657 1016 696; x_wconf 73' lang='lat' dir='ltr'>stativis</span> <span class='ocrx_word' id='word_1_87' title='bbox 1033 667 1217 698; x_wconf 75' lang='lat' dir='ltr'>moverat</span> <span class='ocrx_word' id='word_1_88' title='bbox 1236 658 1446 699; x_wconf 85' lang='lat' dir='ltr'>Hannibal</span> <span class='ocrx_word' id='word_1_89' title='bbox 1465 675 1473 704; x_wconf 84' lang='grc'>;</span> 
     </span>
     <span class='ocr_line' id='line_1_11' title="bbox 61 711 1476 770; baseline 0.002 -18"><span class='ocrx_word' id='word_1_90' title='bbox 61 711 457 768; x_wconf 85' lang='lat' dir='ltr'>4Taurinornmqne</span> <span class='ocrx_word' id='word_1_91' title='bbox 490 728 614 752; x_wconf 89' lang='lat' dir='ltr'>unam</span> <span class='ocrx_word' id='word_1_92' title='bbox 648 714 806 762; x_wconf 86' lang='lat' dir='ltr'>urbem,</span> <span class='ocrx_word' id='word_1_93' title='bbox 829 722 954 768; x_wconf 84' lang='lat' dir='ltr'>caput</span> <span class='ocrx_word' id='word_1_94' title='bbox 984 715 1120 769; x_wconf 81' lang='lat' dir='ltr'>gentis</span> <span class='ocrx_word' id='word_1_95' title='bbox 1151 715 1252 763; x_wconf 78' lang='lat' dir='ltr'>eius,</span> <span class='ocrx_word' id='word_1_96' title='bbox 1283 716 1379 770; x_wconf 87' lang='lat' dir='ltr'>quia</span> <span class='ocrx_word' id='word_1_97' title='bbox 1406 732 1476 756; x_wconf 74' lang='lat' dir='ltr'>vo-</span> 
     </span>
     <span class='ocr_line' id='line_1_12' title="bbox 92 767 1475 826; baseline 0.003 -18"><span class='ocrx_word' id='word_1_98' title='bbox 92 767 224 809; x_wconf 86' lang='lat' dir='ltr'>lentes</span> <span class='ocrx_word' id='word_1_99' title='bbox 251 770 291 809; x_wconf 91' lang='lat' dir='ltr'>in</span> <span class='ocrx_word' id='word_1_100' title='bbox 315 770 539 810; x_wconf 83' lang='lat' dir='ltr'>amicitiam</span> <span class='ocrx_word' id='word_1_101' title='bbox 568 784 653 810; x_wconf 89' lang='lat' dir='ltr'>non</span> <span class='ocrx_word' id='word_1_102' title='bbox 675 770 911 819; x_wconf 85' lang='lat' dir='ltr'>veniebant,</span> <span class='ocrx_word' id='word_1_103' title='bbox 934 771 973 810; x_wconf 82' lang='lat' dir='ltr'>vi</span> <span class='ocrx_word' id='word_1_104' title='bbox 1000 781 1282 826; x_wconf 82' lang='lat' dir='ltr'>expugnarat:</span> <span class='ocrx_word' id='word_1_105' title='bbox 1318 773 1475 813; x_wconf 74' lang='lat' dir='ltr'>iunxis-</span> 
     </span>
     <span class='ocr_line' id='line_1_13' title="bbox 91 826 1475 880; baseline 0.004 -15"><span class='ocrx_word' id='word_1_106' title='bbox 91 834 236 880; x_wconf 88' lang='lat' dir='ltr'>setque</span> <span class='ocrx_word' id='word_1_107' title='bbox 268 826 357 873; x_wconf 81' lang='lat' dir='ltr'>sibi,</span> <span class='ocrx_word' id='word_1_108' title='bbox 381 842 464 867; x_wconf 87' lang='lat' dir='ltr'>non</span> <span class='ocrx_word' id='word_1_109' title='bbox 497 835 612 866; x_wconf 88' lang='lat' dir='ltr'>metu</span> <span class='ocrx_word' id='word_1_110' title='bbox 642 827 788 875; x_wconf 89' lang='lat' dir='ltr'>solnm,</span> <span class='ocrx_word' id='word_1_111' title='bbox 812 827 885 868; x_wconf 85' lang='lat' dir='ltr'>sed</span> <span class='ocrx_word' id='word_1_112' title='bbox 917 828 1041 867; x_wconf 86' lang='lat' dir='ltr'>ctiam</span> <span class='ocrx_word' id='word_1_113' title='bbox 1073 829 1299 878; x_wconf 82' lang='lat' dir='ltr'>voluntate,</span> <span class='ocrx_word' id='word_1_114' title='bbox 1333 830 1475 870; x_wconf 76' lang='lat' dir='ltr'>Gallos</span> 
     </span>
     <span class='ocr_line' id='line_1_14' title="bbox 91 882 1473 942; baseline 0.003 -20"><span class='ocrx_word' id='word_1_115' title='bbox 91 882 249 923; x_wconf 77' lang='lat' dir='ltr'>accolas</span> <span class='ocrx_word' id='word_1_116' title='bbox 271 882 375 923; x_wconf 85' lang='lat' dir='ltr'>Padi</span> <span class='ocrx_word' id='word_1_117' title='bbox 394 899 402 931; x_wconf 90' lang='lat'>;</span> <span class='ocrx_word' id='word_1_118' title='bbox 436 884 478 923; x_wconf 91' lang='lat' dir='ltr'>ni</span> <span class='ocrx_word' id='word_1_119' title='bbox 505 899 586 931; x_wconf 83' lang='lat' dir='ltr'>eos,</span> <span class='ocrx_word' id='word_1_120' title='bbox 609 884 1002 939; x_wconf 72' lang='lat' dir='ltr'>circumspectantes</span> <span class='ocrx_word' id='word_1_121' title='bbox 1031 885 1275 926; x_wconf 80' lang='lat' dir='ltr'>defectionis</span> <span class='ocrx_word' id='word_1_122' title='bbox 1298 895 1473 942; x_wconf 85' lang='lat' dir='ltr'>tempus,</span> 
     </span>
     <span class='ocr_line' id='line_1_15' title="bbox 90 939 1475 996; baseline 0.003 -17"><span class='ocrx_word' id='word_1_123' title='bbox 90 939 226 979; x_wconf 87' lang='lat' dir='ltr'>subito</span> <span class='ocrx_word' id='word_1_124' title='bbox 248 940 451 981; x_wconf 86' lang='lat' dir='ltr'>adventus</span> <span class='ocrx_word' id='word_1_125' title='bbox 479 940 659 981; x_wconf 84' lang='lat' dir='ltr'>consulis</span> <span class='ocrx_word' id='word_1_126' title='bbox 681 941 960 996; x_wconf 80' lang='lat' dir='ltr'>oppressisset.</span> <span class='ocrx_word' id='word_1_127' title='bbox 1026 941 1081 982; x_wconf 85' lang='lat' dir='ltr'>Et</span> <span class='ocrx_word' id='word_1_128' title='bbox 1111 942 1324 983; x_wconf 81' lang='lat' dir='ltr'>Hannibal</span> <span class='ocrx_word' id='word_1_129' title='bbox 1347 945 1475 984; x_wconf 80' lang='lat' dir='ltr'>movit</span> 
     </span>
     <span class='ocr_line' id='line_1_16' title="bbox 89 996 1475 1053; baseline 0.002 -17"><span class='ocrx_word' id='word_1_130' title='bbox 89 1010 142 1036; x_wconf 86' lang='lat' dir='ltr'>ex</span> <span class='ocrx_word' id='word_1_131' title='bbox 178 996 386 1045; x_wconf 85' lang='lat' dir='ltr'>Taurinis,</span> <span class='ocrx_word' id='word_1_132' title='bbox 421 998 614 1046; x_wconf 87' lang='lat' dir='ltr'>incertos,</span> <span class='ocrx_word' id='word_1_133' title='bbox 648 1013 754 1053; x_wconf 88' lang='lat' dir='ltr'>quae</span> <span class='ocrx_word' id='word_1_134' title='bbox 790 1013 884 1053; x_wconf 88' lang='lat' dir='ltr'>pars</span> <span class='ocrx_word' id='word_1_135' title='bbox 924 999 1138 1053; x_wconf 84' lang='lat' dir='ltr'>sequenda</span> <span class='ocrx_word' id='word_1_136' title='bbox 1173 1010 1291 1048; x_wconf 87' lang='lat' dir='ltr'>esset,</span> <span class='ocrx_word' id='word_1_137' title='bbox 1333 1000 1475 1041; x_wconf 73' lang='lat' dir='ltr'>Gallos</span> 
     </span>
     <span class='ocr_line' id='line_1_17' title="bbox 89 1054 1475 1112; baseline 0.004 -19"><span class='ocrx_word' id='word_1_138' title='bbox 89 1062 349 1108; x_wconf 84' lang='lat' dir='ltr'>praesentem</span> <span class='ocrx_word' id='word_1_139' title='bbox 385 1069 426 1095; x_wconf 89' lang='lat' dir='ltr'>se</span> <span class='ocrx_word' id='word_1_140' title='bbox 459 1063 672 1095; x_wconf 89' lang='lat' dir='ltr'>secuturos</span> <span class='ocrx_word' id='word_1_141' title='bbox 705 1064 827 1095; x_wconf 84' lang='lat' dir='ltr'>ratus.</span> <span class='ocrx_word' id='word_1_142' title='bbox 892 1054 979 1095; x_wconf 88' lang='lat' dir='ltr'>Iam</span> <span class='ocrx_word' id='word_1_143' title='bbox 1012 1071 1140 1111; x_wconf 85' lang='lat' dir='ltr'>prope</span> <span class='ocrx_word' id='word_1_144' title='bbox 1173 1057 1215 1096; x_wconf 89' lang='lat' dir='ltr'>in</span> <span class='ocrx_word' id='word_1_145' title='bbox 1249 1067 1475 1112; x_wconf 84' lang='lat' dir='ltr'>conspectu</span> 
     </span>
     <span class='ocr_line' id='line_1_18' title="bbox 58 1111 1475 1166; baseline 0.004 -17"><span class='ocrx_word' id='word_1_146' title='bbox 58 1119 74 1150; x_wconf 85' lang='lat'>5</span> <span class='ocrx_word' id='word_1_147' title='bbox 89 1118 207 1150; x_wconf 88' lang='lat' dir='ltr'>erant</span> <span class='ocrx_word' id='word_1_148' title='bbox 235 1111 454 1159; x_wconf 87' lang='lat' dir='ltr'>exercitus,</span> <span class='ocrx_word' id='word_1_149' title='bbox 477 1122 842 1166; x_wconf 77' lang='lat' dir='ltr'>convenerantque</span> <span class='ocrx_word' id='word_1_150' title='bbox 874 1111 1001 1151; x_wconf 90' lang='lat' dir='ltr'>duces</span> <span class='ocrx_word' id='word_1_151' title='bbox 1023 1113 1144 1152; x_wconf 87' lang='lat' dir='ltr'>sicuti</span> <span class='ocrx_word' id='word_1_152' title='bbox 1177 1114 1285 1153; x_wconf 90' lang='lat' dir='ltr'>inter</span> <span class='ocrx_word' id='word_1_153' title='bbox 1305 1129 1346 1154; x_wconf 89' lang='lat' dir='ltr'>se</span> <span class='ocrx_word' id='word_1_154' title='bbox 1371 1130 1475 1154; x_wconf 89' lang='lat' dir='ltr'>non-</span> 
     </span>
     <span class='ocr_line' id='line_1_19' title="bbox 88 1166 1472 1223; baseline 0.003 -17"><span class='ocrx_word' id='word_1_155' title='bbox 88 1166 189 1206; x_wconf 91' lang='lat' dir='ltr'>dum</span> <span class='ocrx_word' id='word_1_156' title='bbox 203 1167 300 1208; x_wconf 89' lang='lat' dir='ltr'>satis</span> <span class='ocrx_word' id='word_1_157' title='bbox 317 1169 418 1216; x_wconf 84' lang='lat' dir='ltr'>noti,</span> <span class='ocrx_word' id='word_1_158' title='bbox 438 1169 495 1208; x_wconf 90' lang='lat' dir='ltr'>ita</span> <span class='ocrx_word' id='word_1_159' title='bbox 511 1169 591 1209; x_wconf 87' lang='lat' dir='ltr'>iam</span> <span class='ocrx_word' id='word_1_160' title='bbox 611 1169 793 1208; x_wconf 90' lang='lat' dir='ltr'>imbutus</span> <span class='ocrx_word' id='word_1_161' title='bbox 809 1178 984 1223; x_wconf 90' lang='lat' dir='ltr'>uterquc</span> <span class='ocrx_word' id='word_1_162' title='bbox 1002 1169 1181 1223; x_wconf 87' lang='lat' dir='ltr'>quadam</span> <span class='ocrx_word' id='word_1_163' title='bbox 1200 1170 1472 1211; x_wconf 84' lang='lat' dir='ltr'>admiratione</span> 
     </span>
     <span class='ocr_line' id='line_1_20' title="bbox 87 1222 1474 1279; baseline 0.004 -16"><span class='ocrx_word' id='word_1_164' title='bbox 87 1222 266 1264; x_wconf 81' lang='lat' dir='ltr'>alterius.</span> <span class='ocrx_word' id='word_1_165' title='bbox 331 1224 442 1264; x_wconf 85' lang='lat' dir='ltr'>Nam</span> <span class='ocrx_word' id='word_1_166' title='bbox 466 1224 716 1264; x_wconf 81' lang='lat' dir='ltr'>Hannibalis</span> <span class='ocrx_word' id='word_1_167' title='bbox 737 1233 779 1264; x_wconf 88' lang='lat' dir='ltr'>et</span> <span class='ocrx_word' id='word_1_168' title='bbox 799 1225 911 1279; x_wconf 90' lang='lat' dir='ltr'>apud</span> <span class='ocrx_word' id='word_1_169' title='bbox 936 1225 1159 1274; x_wconf 74' lang='lat' dir='ltr'>RomanoS,</span> <span class='ocrx_word' id='word_1_170' title='bbox 1183 1226 1263 1266; x_wconf 89' lang='lat' dir='ltr'>iam</span> <span class='ocrx_word' id='word_1_171' title='bbox 1286 1237 1380 1267; x_wconf 88' lang='lat' dir='ltr'>ante</span> <span class='ocrx_word' id='word_1_172' title='bbox 1401 1228 1474 1268; x_wconf 80' lang='lat' dir='ltr'>Sa-</span> 
     </span>
     <span class='ocr_line' id='line_1_21' title="bbox 87 1280 1473 1338; baseline 0.004 -19"><span class='ocrx_word' id='word_1_173' title='bbox 87 1280 207 1334; x_wconf 84' lang='lat' dir='ltr'>gunti</span> <span class='ocrx_word' id='word_1_174' title='bbox 237 1281 461 1327; x_wconf 82' lang='lat' dir='ltr'>excidium,</span> <span class='ocrx_word' id='word_1_175' title='bbox 485 1281 801 1321; x_wconf 87' lang='lat' dir='ltr'>celeberrimum</span> <span class='ocrx_word' id='word_1_176' title='bbox 831 1296 985 1321; x_wconf 88' lang='lat' dir='ltr'>nomen</span> <span class='ocrx_word' id='word_1_177' title='bbox 1014 1291 1125 1322; x_wconf 87' lang='lat' dir='ltr'>erat:</span> <span class='ocrx_word' id='word_1_178' title='bbox 1161 1293 1201 1322; x_wconf 91' lang='lat' dir='ltr'>et</span> <span class='ocrx_word' id='word_1_179' title='bbox 1233 1282 1473 1338; x_wconf 74' lang='lat' dir='ltr'>Scipionem</span> 
     </span>
     <span class='ocr_line' id='line_1_22' title="bbox 90 1336 1473 1393; baseline 0.003 -16"><span class='ocrx_word' id='word_1_180' title='bbox 90 1336 303 1378; x_wconf 86' lang='lat' dir='ltr'>Hannibal</span> <span class='ocrx_word' id='word_1_181' title='bbox 326 1353 375 1378; x_wconf 92' lang='lat' dir='ltr'>eo</span> <span class='ocrx_word' id='word_1_182' title='bbox 401 1338 502 1393; x_wconf 87' lang='lat' dir='ltr'>ipso,</span> <span class='ocrx_word' id='word_1_183' title='bbox 526 1337 639 1392; x_wconf 86' lang='lat' dir='ltr'>quod</span> <span class='ocrx_word' id='word_1_184' title='bbox 661 1337 856 1378; x_wconf 81' lang='lat' dir='ltr'>adversus</span> <span class='ocrx_word' id='word_1_185' title='bbox 878 1353 919 1378; x_wconf 90' lang='lat' dir='ltr'>se</span> <span class='ocrx_word' id='word_1_186' title='bbox 945 1338 1031 1377; x_wconf 88' lang='lat' dir='ltr'>dux</span> <span class='ocrx_word' id='word_1_187' title='bbox 1054 1339 1312 1393; x_wconf 89' lang='lat' dir='ltr'>potissimum</span> <span class='ocrx_word' id='word_1_188' title='bbox 1342 1340 1473 1381; x_wconf 90' lang='lat' dir='ltr'>lectus</span> 
     </span>
     <span class='ocr_line' id='line_1_23' title="bbox 87 1394 1471 1449; baseline 0.003 -16"><span class='ocrx_word' id='word_1_189' title='bbox 87 1403 205 1442; x_wconf 83' lang='lat' dir='ltr'>esset,</span> <span class='ocrx_word' id='word_1_190' title='bbox 238 1403 515 1449; x_wconf 86' lang='lat' dir='ltr'>praestantem</span> <span class='ocrx_word' id='word_1_191' title='bbox 538 1394 670 1434; x_wconf 82' lang='lat' dir='ltr'>virum</span> <span class='ocrx_word' id='word_1_192' title='bbox 706 1394 912 1434; x_wconf 86' lang='lat' dir='ltr'>credebat.</span> <span class='ocrx_word' id='word_1_193' title='bbox 978 1394 1031 1434; x_wconf 84' lang='lat' dir='ltr'>Et</span> <span class='ocrx_word' id='word_1_194' title='bbox 1064 1405 1267 1436; x_wconf 80' lang='lat' dir='ltr'>auxerant</span> <span class='ocrx_word' id='word_1_195' title='bbox 1292 1396 1399 1436; x_wconf 88' lang='lat' dir='ltr'>inter</span> <span class='ocrx_word' id='word_1_196' title='bbox 1429 1412 1471 1438; x_wconf 87' lang='lat' dir='ltr'>se</span> 
     </span>
     <span class='ocr_line' id='line_1_24' title="bbox 87 1450 1473 1506; baseline 0.002 -16"><span class='ocrx_word' id='word_1_197' title='bbox 87 1450 352 1506; x_wconf 83' lang='lat' dir='ltr'>opinione1n3</span> <span class='ocrx_word' id='word_1_198' title='bbox 389 1451 541 1506; x_wconf 79' lang='lat' dir='ltr'>Scipio,</span> <span class='ocrx_word' id='word_1_199' title='bbox 564 1450 692 1504; x_wconf 92' lang='lat' dir='ltr'>quod,</span> <span class='ocrx_word' id='word_1_200' title='bbox 707 1450 873 1491; x_wconf 89' lang='lat' dir='ltr'>relictus</span> <span class='ocrx_word' id='word_1_201' title='bbox 891 1451 931 1490; x_wconf 90' lang='lat' dir='ltr'>in</span> <span class='ocrx_word' id='word_1_202' title='bbox 957 1451 1107 1500; x_wconf 77' lang='lat' dir='ltr'>Gallia,</span> <span class='ocrx_word' id='word_1_203' title='bbox 1123 1453 1267 1492; x_wconf 87' lang='lat' dir='ltr'>obvius</span> <span class='ocrx_word' id='word_1_204' title='bbox 1282 1452 1415 1494; x_wconf 86' lang='lat' dir='ltr'>fuerat</span> <span class='ocrx_word' id='word_1_205' title='bbox 1430 1454 1473 1493; x_wconf 92' lang='lat' dir='ltr'>in</span> 
     </span>
     <span class='ocr_line' id='line_1_25' title="bbox 88 1506 1472 1562; baseline 0.002 -15"><span class='ocrx_word' id='word_1_206' title='bbox 88 1506 250 1548; x_wconf 89' lang='lat' dir='ltr'>Italiam</span> <span class='ocrx_word' id='word_1_207' title='bbox 289 1516 539 1562; x_wconf 85' lang='lat' dir='ltr'>transgresso</span> <span class='ocrx_word' id='word_1_208' title='bbox 572 1507 825 1555; x_wconf 84' lang='lat' dir='ltr'>Hannibali3</span> <span class='ocrx_word' id='word_1_209' title='bbox 872 1507 1099 1556; x_wconf 78' lang='lat' dir='ltr'>Hannibal,</span> <span class='ocrx_word' id='word_1_210' title='bbox 1131 1518 1173 1549; x_wconf 87' lang='lat' dir='ltr'>et</span> <span class='ocrx_word' id='word_1_211' title='bbox 1204 1518 1355 1550; x_wconf 85' lang='lat' dir='ltr'>conatu</span> <span class='ocrx_word' id='word_1_212' title='bbox 1388 1519 1472 1550; x_wconf 85' lang='lat' dir='ltr'>tam</span> 
     </span>
     <span class='ocr_line' id='line_1_26' title="bbox 87 1563 1473 1621; baseline 0.002 -17"><span class='ocrx_word' id='word_1_213' title='bbox 87 1564 232 1604; x_wconf 83' lang='lat' dir='ltr'>audaci</span> <span class='ocrx_word' id='word_1_214' title='bbox 250 1564 585 1605; x_wconf 88' lang='lat' dir='ltr'>traiicicndarum</span> <span class='ocrx_word' id='word_1_215' title='bbox 601 1563 790 1619; x_wconf 86' lang='lat' dir='ltr'>Alpium,</span> <span class='ocrx_word' id='word_1_216' title='bbox 805 1573 847 1605; x_wconf 88' lang='lat' dir='ltr'>et</span> <span class='ocrx_word' id='word_1_217' title='bbox 861 1565 1025 1605; x_wconf 82' lang='lat' dir='ltr'>effectu.</span> <span class='ocrx_word' id='word_1_218' title='bbox 1086 1564 1320 1621; x_wconf 82' lang='lat' dir='ltr'>Occupavit</span> <span class='ocrx_word' id='word_1_219' title='bbox 1333 1576 1473 1608; x_wconf 88' lang='lat' dir='ltr'>tamen</span> 
     </span>
     <span class='ocr_line' id='line_1_27' title="bbox 90 1620 1473 1676; baseline 0.002 -15"><span class='ocrx_word' id='word_1_220' title='bbox 90 1620 229 1676; x_wconf 89' lang='lat' dir='ltr'>Scipio</span> <span class='ocrx_word' id='word_1_221' title='bbox 246 1621 409 1661; x_wconf 88' lang='lat' dir='ltr'>Padum</span> <span class='ocrx_word' id='word_1_222' title='bbox 428 1621 628 1669; x_wconf 88' lang='lat' dir='ltr'>traiicere,</span> <span class='ocrx_word' id='word_1_223' title='bbox 644 1630 698 1670; x_wconf 85' lang='lat' dir='ltr'>et,</span> <span class='ocrx_word' id='word_1_224' title='bbox 714 1621 767 1661; x_wconf 90' lang='lat' dir='ltr'>ad</span> <span class='ocrx_word' id='word_1_225' title='bbox 785 1621 982 1662; x_wconf 85' lang='lat' dir='ltr'>Ticinum</span> <span class='ocrx_word' id='word_1_226' title='bbox 1000 1637 1166 1662; x_wconf 87' lang='lat' dir='ltr'>amnem</span> <span class='ocrx_word' id='word_1_227' title='bbox 1181 1623 1302 1663; x_wconf 85' lang='lat' dir='ltr'>motis</span> <span class='ocrx_word' id='word_1_228' title='bbox 1319 1624 1473 1672; x_wconf 87' lang='lat' dir='ltr'>castris,</span> 
     </span>
     <span class='ocr_line' id='line_1_28' title="bbox 86 1678 1473 1733; baseline 0.002 -15"><span class='ocrx_word' id='word_1_229' title='bbox 86 1678 212 1733; x_wconf 89' lang='lat' dir='ltr'>prius,</span> <span class='ocrx_word' id='word_1_230' title='bbox 247 1693 372 1733; x_wconf 87' lang='lat' dir='ltr'>quam</span> <span class='ocrx_word' id='word_1_231' title='bbox 405 1678 602 1719; x_wconf 88' lang='lat' dir='ltr'>educeret</span> <span class='ocrx_word' id='word_1_232' title='bbox 636 1678 681 1718; x_wconf 91' lang='lat' dir='ltr'>in</span> <span class='ocrx_word' id='word_1_233' title='bbox 716 1678 861 1727; x_wconf 86' lang='lat' dir='ltr'>aciem,</span> <span class='ocrx_word' id='word_1_234' title='bbox 895 1678 1251 1720; x_wconf 86' lang='lat' dir='ltr'>adhortandorum</span> <span class='ocrx_word' id='word_1_235' title='bbox 1293 1681 1473 1721; x_wconf 88' lang='lat' dir='ltr'>militum</span> 
     </span>
     <span class='ocr_line' id='line_1_29' title="bbox 87 1735 915 1784; baseline 0.001 -9"><span class='ocrx_word' id='word_1_236' title='bbox 87 1749 222 1784; x_wconf 88' lang='lat' dir='ltr'>causa,</span> <span class='ocrx_word' id='word_1_237' title='bbox 245 1735 369 1776; x_wconf 85' lang='lat' dir='ltr'>talem</span> <span class='ocrx_word' id='word_1_238' title='bbox 393 1736 623 1776; x_wconf 87' lang='lat' dir='ltr'>orationem</span> <span class='ocrx_word' id='word_1_239' title='bbox 646 1750 815 1776; x_wconf 81' lang='lat' dir='ltr'>exorsus</span> <span class='ocrx_word' id='word_1_240' title='bbox 832 1744 915 1776; x_wconf 89' lang='lat' dir='ltr'>est:</span> 
     </span>
     <span class='ocr_line' id='line_1_30' title="bbox 146 1791 1616 1850; baseline 0.003 -18"><span class='ocrx_word' id='word_1_241' title='bbox 146 1797 157 1815; x_wconf 89' lang='lat'>‘</span> <span class='ocrx_word' id='word_1_242' title='bbox 173 1791 217 1833; x_wconf 90' lang='lat' dir='ltr'>Si</span> <span class='ocrx_word' id='word_1_243' title='bbox 238 1807 335 1833; x_wconf 91' lang='lat' dir='ltr'>eum</span> <span class='ocrx_word' id='word_1_244' title='bbox 357 1792 601 1841; x_wconf 87' lang='lat' dir='ltr'>exercitum,</span> <span class='ocrx_word' id='word_1_245' title='bbox 619 1791 784 1842; x_wconf 82' lang='lat' dir='ltr'>milites,</span> <span class='ocrx_word' id='word_1_246' title='bbox 807 1793 1031 1833; x_wconf 85' lang='lat' dir='ltr'>educerem</span> <span class='ocrx_word' id='word_1_247' title='bbox 1054 1793 1097 1833; x_wconf 89' lang='lat' dir='ltr'>in</span> <span class='ocrx_word' id='word_1_248' title='bbox 1118 1794 1263 1843; x_wconf 87' lang='lat' dir='ltr'>aciem,</span> <span class='ocrx_word' id='word_1_249' title='bbox 1282 1810 1408 1850; x_wconf 88' lang='lat' dir='ltr'>quem</span> <span class='ocrx_word' id='word_1_250' title='bbox 1430 1796 1472 1836; x_wconf 88' lang='lat' dir='ltr'>in</span> <span class='ocrx_word' id='word_1_251' title='bbox 1549 1801 1616 1837; x_wconf 79' lang='lat'>40.</span> 
     </span>
     <span class='ocr_line' id='line_1_31' title="bbox 88 1848 1655 1906; baseline 0.003 -17"><span class='ocrx_word' id='word_1_252' title='bbox 88 1854 98 1872; x_wconf 87' lang='lat'>‘</span> <span class='ocrx_word' id='word_1_253' title='bbox 118 1848 256 1889; x_wconf 82' lang='lat' dir='ltr'>Gallia</span> <span class='ocrx_word' id='word_1_254' title='bbox 271 1864 436 1890; x_wconf 88' lang='lat' dir='ltr'>mecum</span> <span class='ocrx_word' id='word_1_255' title='bbox 452 1849 592 1898; x_wconf 88' lang='lat' dir='ltr'>habui,</span> <span class='ocrx_word' id='word_1_256' title='bbox 610 1849 931 1904; x_wconf 86' lang='lat' dir='ltr'>supersedissem</span> <span class='ocrx_word' id='word_1_257' title='bbox 948 1849 1063 1905; x_wconf 88' lang='lat' dir='ltr'>loqui</span> <span class='ocrx_word' id='word_1_258' title='bbox 1080 1851 1191 1906; x_wconf 87' lang='lat' dir='ltr'>apud</span> <span class='ocrx_word' id='word_1_259' title='bbox 1208 1867 1289 1892; x_wconf 82' lang='lat' dir='ltr'>vos.</span> <span class='ocrx_word' id='word_1_260' title='bbox 1357 1852 1473 1900; x_wconf 80' lang='lat' dir='ltr'>Quid</span> <span class='ocrx_word' id='word_1_261' title='bbox 1486 1855 1655 1902; x_wconf 65' lang='lat'>091211011&#39;118</span> 
     </span>
     <span class='ocr_line' id='line_1_32' title="bbox 89 1898 1687 1971; baseline 0.003 -26"><span class='ocrx_word' id='word_1_262' title='bbox 89 1906 227 1946; x_wconf 88' lang='lat' dir='ltr'>‘enim</span> <span class='ocrx_word' id='word_1_263' title='bbox 263 1905 473 1946; x_wconf 85' lang='lat' dir='ltr'>adhortari</span> <span class='ocrx_word' id='word_1_264' title='bbox 503 1906 675 1947; x_wconf 83' lang='lat' dir='ltr'>referret</span> <span class='ocrx_word' id='word_1_265' title='bbox 705 1916 777 1947; x_wconf 87' lang='lat' dir='ltr'>aut</span> <span class='ocrx_word' id='word_1_266' title='bbox 811 1922 881 1947; x_wconf 91' lang='lat' dir='ltr'>eos</span> <span class='ocrx_word' id='word_1_267' title='bbox 919 1909 1095 1962; x_wconf 84' lang='lat' dir='ltr'>equites,</span> <span class='ocrx_word' id='word_1_268' title='bbox 1128 1908 1200 1962; x_wconf 89' lang='lat' dir='ltr'>qui</span> <span class='ocrx_word' id='word_1_269' title='bbox 1237 1909 1470 1964; x_wconf 84' lang='lat' dir='ltr'>equitatum</span> <span class='ocrx_word' id='word_1_270' title='bbox 1484 1898 1687 1971; x_wconf 43' lang='grc' dir='ltr'>Ϊῖζῇιᾲξξῇιῖζζᾟς</span> 
     </span>
     <span class='ocr_line' id='line_1_33' title="bbox 87 1960 1681 2019; baseline 0.003 -16"><span class='ocrx_word' id='word_1_271' title='bbox 87 1962 294 2003; x_wconf 87' lang='lat' dir='ltr'>‘hostium</span> <span class='ocrx_word' id='word_1_272' title='bbox 325 1963 378 2003; x_wconf 89' lang='lat' dir='ltr'>ad</span> <span class='ocrx_word' id='word_1_273' title='bbox 411 1963 667 2004; x_wconf 88' lang='lat' dir='ltr'>Rhodanum</span> <span class='ocrx_word' id='word_1_274' title='bbox 692 1964 849 2004; x_wconf 88' lang='lat' dir='ltr'>fiumen</span> <span class='ocrx_word' id='word_1_275' title='bbox 880 1964 1045 2019; x_wconf 80' lang='lat' dir='ltr'>egregie</span> <span class='ocrx_word' id='word_1_276' title='bbox 1071 1964 1276 2014; x_wconf 81' lang='lat' dir='ltr'>vicissent,</span> <span class='ocrx_word' id='word_1_277' title='bbox 1300 1975 1371 2006; x_wconf 87' lang='lat' dir='ltr'>aut</span> <span class='ocrx_word' id='word_1_278' title='bbox 1402 1960 1490 2007; x_wconf 74' lang='lat' dir='ltr'>eas‘</span> <span class='ocrx_word' id='word_1_279' title='bbox 1599 1960 1607 1970; x_wconf 57' lang='lat'>¹</span> <span class='ocrx_word' id='word_1_280' title='bbox 1674 1962 1681 1968; x_wconf 71' lang='grc'><em>“</em></span> 
     </span>
     <span class='ocr_line' id='line_1_34' title="bbox 88 2019 1469 2076; baseline 0.004 -17"><span class='ocrx_word' id='word_1_281' title='bbox 88 2025 99 2042; x_wconf 90' lang='lat'>‘</span> <span class='ocrx_word' id='word_1_282' title='bbox 115 2019 313 2074; x_wconf 80' lang='lat' dir='ltr'>legiones,</span> <span class='ocrx_word' id='word_1_283' title='bbox 324 2035 419 2060; x_wconf 89' lang='lat' dir='ltr'>cum</span> <span class='ocrx_word' id='word_1_284' title='bbox 435 2020 586 2075; x_wconf 90' lang='lat' dir='ltr'>quibus</span> <span class='ocrx_word' id='word_1_285' title='bbox 598 2020 829 2075; x_wconf 87' lang='lat' dir='ltr'>fugientem</span> <span class='ocrx_word' id='word_1_286' title='bbox 844 2020 956 2061; x_wconf 88' lang='lat' dir='ltr'>hunc</span> <span class='ocrx_word' id='word_1_287' title='bbox 971 2021 1106 2076; x_wconf 83' lang='lat' dir='ltr'>ipsum</span> <span class='ocrx_word' id='word_1_288' title='bbox 1115 2021 1275 2062; x_wconf 85' lang='lat' dir='ltr'>hostem</span> <span class='ocrx_word' id='word_1_289' title='bbox 1290 2032 1469 2071; x_wconf 83' lang='lat' dir='ltr'>secutus,</span> 
     </span>
     <span class='ocr_line' id='line_1_35' title="bbox 87 2076 1471 2134; baseline 0.003 -18"><span class='ocrx_word' id='word_1_290' title='bbox 87 2081 99 2099; x_wconf 92' lang='lat'>‘</span> <span class='ocrx_word' id='word_1_291' title='bbox 115 2076 416 2117; x_wconf 89' lang='lat' dir='ltr'>confessionem</span> <span class='ocrx_word' id='word_1_292' title='bbox 431 2077 617 2118; x_wconf 88' lang='lat' dir='ltr'>cedentis</span> <span class='ocrx_word' id='word_1_293' title='bbox 634 2093 680 2118; x_wconf 88' lang='lat' dir='ltr'>ac</span> <span class='ocrx_word' id='word_1_294' title='bbox 694 2077 962 2118; x_wconf 85' lang='lat' dir='ltr'>detrectantis</span> <span class='ocrx_word' id='word_1_295' title='bbox 979 2086 1190 2118; x_wconf 89' lang='lat' dir='ltr'>certamen</span> <span class='ocrx_word' id='word_1_296' title='bbox 1212 2094 1286 2134; x_wconf 87' lang='lat' dir='ltr'>pro</span> <span class='ocrx_word' id='word_1_297' title='bbox 1300 2079 1471 2121; x_wconf 83' lang='lat' dir='ltr'>victoria</span> 
     </span>
     <span class='ocr_line' id='line_1_36' title="bbox 88 2133 1469 2191; baseline 0.003 -18"><span class='ocrx_word' id='word_1_298' title='bbox 88 2133 274 2174; x_wconf 82' lang='lat' dir='ltr'>‘habui?</span> <span class='ocrx_word' id='word_1_299' title='bbox 316 2133 457 2183; x_wconf 85' lang='lat' dir='ltr'>Nunc,</span> <span class='ocrx_word' id='word_1_300' title='bbox 491 2134 590 2189; x_wconf 89' lang='lat' dir='ltr'>quia</span> <span class='ocrx_word' id='word_1_301' title='bbox 619 2134 686 2175; x_wconf 90' lang='lat' dir='ltr'>ille</span> <span class='ocrx_word' id='word_1_302' title='bbox 718 2135 939 2183; x_wconf 86' lang='lat' dir='ltr'>exercitus,</span> <span class='ocrx_word' id='word_1_303' title='bbox 973 2134 1202 2189; x_wconf 86' lang='lat' dir='ltr'>Hispaniae</span> <span class='ocrx_word' id='word_1_304' title='bbox 1233 2137 1469 2191; x_wconf 81' lang='lat' dir='ltr'>provinciae</span> 
     </span>
     <span class='ocr_line' id='line_1_37' title="bbox 53 2189 1471 2247; baseline 0.003 -18"><span class='ocrx_word' id='word_1_305' title='bbox 53 2189 302 2245; x_wconf 76' lang='lat' dir='ltr'>6‘scriptus,</span> <span class='ocrx_word' id='word_1_306' title='bbox 330 2190 386 2230; x_wconf 89' lang='lat' dir='ltr'>ibi</span> <span class='ocrx_word' id='word_1_307' title='bbox 417 2206 512 2230; x_wconf 90' lang='lat' dir='ltr'>cum</span> <span class='ocrx_word' id='word_1_308' title='bbox 542 2190 666 2231; x_wconf 68' lang='lat' dir='ltr'>fratre</span> <span class='ocrx_word' id='word_1_309' title='bbox 701 2190 780 2231; x_wconf 51' lang='lat' dir='ltr'>(fn.</span> <span class='ocrx_word' id='word_1_310' title='bbox 805 2190 998 2246; x_wconf 76' lang='lat' dir='ltr'>Scipione</span> <span class='ocrx_word' id='word_1_311' title='bbox 1029 2192 1130 2231; x_wconf 79' lang='lat' dir='ltr'>meis</span> <span class='ocrx_word' id='word_1_312' title='bbox 1161 2193 1353 2247; x_wconf 81' lang='lat' dir='ltr'>auspiciis</span> <span class='ocrx_word' id='word_1_313' title='bbox 1384 2209 1471 2234; x_wconf 89' lang='lat' dir='ltr'>rem</span> 
     </span>
    </p>
   </div>
   <div class='ocr_carea' id='block_1_3' title="bbox 85 2334 759 2876">
    <p class='ocr_par' dir='ltr' id='par_1_3' title="bbox 85 2334 755 2490">
     <span class='ocr_line' id='line_1_38' title="bbox 131 2334 753 2372; baseline 0.003 -10"><span class='ocrx_word' id='word_1_314' title='bbox 131 2343 147 2363; x_wconf 79' lang='lat'><strong>2</strong></span> <span class='ocrx_word' id='word_1_315' title='bbox 172 2335 213 2363; x_wconf 77' lang='lat' dir='ltr'>In</span> <span class='ocrx_word' id='word_1_316' title='bbox 229 2334 414 2372; x_wconf 70' lang='lat' dir='ltr'>reficiendo]</span> <span class='ocrx_word' id='word_1_317' title='bbox 443 2334 511 2370; x_wconf 80' lang='lat' dir='ltr'>Qui</span> <span class='ocrx_word' id='word_1_318' title='bbox 534 2339 699 2365; x_wconf 78' lang='lat' dir='ltr'>contracta.</span> <span class='ocrx_word' id='word_1_319' title='bbox 723 2335 753 2365; x_wconf 89' lang='lat' dir='ltr'>in</span> 
     </span>
     <span class='ocr_line' id='line_1_39' title="bbox 86 2375 755 2414; baseline 0.001 -9"><span class='ocrx_word' id='word_1_320' title='bbox 86 2375 221 2405; x_wconf 82' lang='lat' dir='ltr'>transitu</span> <span class='ocrx_word' id='word_1_321' title='bbox 250 2376 382 2414; x_wconf 84' lang='lat' dir='ltr'>Alpium</span> <span class='ocrx_word' id='word_1_322' title='bbox 409 2377 496 2406; x_wconf 87' lang='lat' dir='ltr'>mala</span> <span class='ocrx_word' id='word_1_323' title='bbox 519 2381 587 2406; x_wconf 89' lang='lat' dir='ltr'>tum</span> <span class='ocrx_word' id='word_1_324' title='bbox 615 2377 755 2407; x_wconf 84' lang='lat' dir='ltr'>maxime</span> 
     </span>
     <span class='ocr_line' id='line_1_40' title="bbox 85 2417 754 2455; baseline 0.003 -9"><span class='ocrx_word' id='word_1_325' title='bbox 85 2417 254 2451; x_wconf 71' lang='lat' dir='ltr'>sentiebat,</span> <span class='ocrx_word' id='word_1_326' title='bbox 270 2427 367 2455; x_wconf 88' lang='lat' dir='ltr'>quum</span> <span class='ocrx_word' id='word_1_327' title='bbox 384 2428 417 2447; x_wconf 84' lang='lat' dir='ltr'>se</span> <span class='ocrx_word' id='word_1_328' title='bbox 433 2420 562 2448; x_wconf 81' lang='lat' dir='ltr'>reficere</span> <span class='ocrx_word' id='word_1_329' title='bbox 578 2424 754 2448; x_wconf 79' lang='lat' dir='ltr'>conaretur.</span> 
     </span>
     <span class='ocr_line' id='line_1_41' title="bbox 86 2460 192 2490; baseline -0.009 0"><span class='ocrx_word' id='word_1_330' title='bbox 86 2460 192 2490; x_wconf 67' lang='lat' dir='ltr'>Cnsv.</span> 
     </span>
    </p>

    <p class='ocr_par' dir='ltr' id='par_1_4' title="bbox 86 2501 759 2745">
     <span class='ocr_line' id='line_1_42' title="bbox 131 2501 755 2540; baseline 0.002 -10"><span class='ocrx_word' id='word_1_331' title='bbox 131 2510 147 2540; x_wconf 83' lang='lat'>3</span> <span class='ocrx_word' id='word_1_332' title='bbox 169 2501 336 2540; x_wconf 78' lang='lat' dir='ltr'>Efferata]</span> <span class='ocrx_word' id='word_1_333' title='bbox 368 2501 502 2540; x_wconf 81' lang='lat' dir='ltr'>Propter</span> <span class='ocrx_word' id='word_1_334' title='bbox 518 2503 709 2540; x_wconf 82' lang='lat' dir='ltr'>squalorem,</span> <span class='ocrx_word' id='word_1_335' title='bbox 726 2507 755 2531; x_wconf 88' lang='lat' dir='ltr'>et</span> 
     </span>
     <span class='ocr_line' id='line_1_43' title="bbox 87 2542 755 2581; baseline 0.001 -9"><span class='ocrx_word' id='word_1_336' title='bbox 87 2542 238 2572; x_wconf 87' lang='lat' dir='ltr'>omissum</span> <span class='ocrx_word' id='word_1_337' title='bbox 262 2545 352 2572; x_wconf 80' lang='lat' dir='ltr'>tanto</span> <span class='ocrx_word' id='word_1_338' title='bbox 375 2547 519 2581; x_wconf 84' lang='lat' dir='ltr'>tempore</span> <span class='ocrx_word' id='word_1_339' title='bbox 541 2554 668 2573; x_wconf 86' lang='lat' dir='ltr'>omnem</span> <span class='ocrx_word' id='word_1_340' title='bbox 691 2554 755 2573; x_wconf 85' lang='lat' dir='ltr'>cor-</span> 
     </span>
     <span class='ocr_line' id='line_1_44' title="bbox 86 2584 757 2625; baseline 0 -11"><span class='ocrx_word' id='word_1_341' title='bbox 86 2585 172 2625; x_wconf 87' lang='lat' dir='ltr'>poris</span> <span class='ocrx_word' id='word_1_342' title='bbox 206 2584 342 2621; x_wconf 82' lang='lat' dir='ltr'>cultum,</span> <span class='ocrx_word' id='word_1_343' title='bbox 372 2584 494 2622; x_wconf 85' lang='lat' dir='ltr'>aliquid</span> <span class='ocrx_word' id='word_1_344' title='bbox 525 2585 606 2614; x_wconf 73' lang='lat' dir='ltr'>torvi</span> <span class='ocrx_word' id='word_1_345' title='bbox 637 2585 757 2623; x_wconf 87' lang='lat' dir='ltr'>ferique</span> 
     </span>
     <span class='ocr_line' id='line_1_45' title="bbox 87 2626 758 2666; baseline -0.001 -9"><span class='ocrx_word' id='word_1_346' title='bbox 87 2626 308 2666; x_wconf 84' lang='lat' dir='ltr'>praeferentia.</span> <span class='ocrx_word' id='word_1_347' title='bbox 354 2626 447 2665; x_wconf 85' lang='lat' dir='ltr'>Supr.</span> <span class='ocrx_word' id='word_1_348' title='bbox 472 2626 503 2656; x_wconf 91' lang='lat' dir='ltr'>ii.</span> <span class='ocrx_word' id='word_1_349' title='bbox 529 2636 577 2665; x_wconf 78' lang='lat'>²3-</span> <span class='ocrx_word' id='word_1_350' title='bbox 594 2628 758 2656; x_wconf 74' lang='lat' dir='ltr'>Promissa</span> 
     </span>
     <span class='ocr_line' id='line_1_46' title="bbox 87 2669 759 2707; baseline -0.003 -8"><span class='ocrx_word' id='word_1_351' title='bbox 87 2670 186 2699; x_wconf 71' lang='lat' dir='ltr'>barba</span> <span class='ocrx_word' id='word_1_352' title='bbox 208 2673 239 2699; x_wconf 80' lang='lat' dir='ltr'>et</span> <span class='ocrx_word' id='word_1_353' title='bbox 261 2669 371 2707; x_wconf 80' lang='lat' dir='ltr'>capilli</span> <span class='ocrx_word' id='word_1_354' title='bbox 387 2669 603 2707; x_wconf 74' lang='lat' dir='ltr'>efferaverant</span> <span class='ocrx_word' id='word_1_355' title='bbox 625 2670 759 2707; x_wconf 74' lang='lat' dir='ltr'>speciem</span> 
     </span>
     <span class='ocr_line' id='line_1_47' title="bbox 86 2711 290 2745; baseline -0.005 -3"><span class='ocrx_word' id='word_1_356' title='bbox 86 2712 160 2742; x_wconf 74' lang='lat' dir='ltr'>oris.</span> <span class='ocrx_word' id='word_1_357' title='bbox 184 2711 290 2745; x_wconf 79' lang='lat' dir='ltr'>CREv.</span> 
     </span>
    </p>

    <p class='ocr_par' dir='ltr' id='par_1_5' title="bbox 88 2753 759 2876">
     <span class='ocr_line' id='line_1_48' title="bbox 129 2753 758 2791; baseline 0 -9"><span class='ocrx_word' id='word_1_358' title='bbox 129 2764 149 2791; x_wconf 89' lang='lat'>4</span> <span class='ocrx_word' id='word_1_359' title='bbox 173 2754 258 2789; x_wconf 77' lang='lat' dir='ltr'>Quia</span> <span class='ocrx_word' id='word_1_360' title='bbox 280 2754 418 2783; x_wconf 81' lang='lat' dir='ltr'>volentes</span> <span class='ocrx_word' id='word_1_361' title='bbox 442 2754 475 2782; x_wconf 81' lang='lat' dir='ltr'>in</span> <span class='ocrx_word' id='word_1_362' title='bbox 498 2753 668 2782; x_wconf 75' lang='grc' dir='ltr'><em>αηιίεῖίὶαηι</em></span> <span class='ocrx_word' id='word_1_363' title='bbox 695 2764 758 2783; x_wconf 81' lang='lat' dir='ltr'>non</span> 
     </span>
     <span class='ocr_line' id='line_1_49' title="bbox 88 2794 759 2833; baseline 0.001 -10"><span class='ocrx_word' id='word_1_364' title='bbox 88 2796 273 2832; x_wconf 79' lang='lat' dir='ltr'>veniebant]</span> <span class='ocrx_word' id='word_1_365' title='bbox 308 2795 439 2833; x_wconf 85' lang='lat' dir='ltr'>Nempe</span> <span class='ocrx_word' id='word_1_366' title='bbox 455 2794 618 2833; x_wconf 84' lang='lat' dir='ltr'>oppidani.</span> <span class='ocrx_word' id='word_1_367' title='bbox 666 2795 759 2824; x_wconf 87' lang='lat' dir='ltr'>Prius</span> 
     </span>
     <span class='ocr_line' id='line_1_50' title="bbox 90 2837 758 2876; baseline 0.003 -11"><span class='ocrx_word' id='word_1_368' title='bbox 90 2837 253 2875; x_wconf 84' lang='lat' dir='ltr'>legebatur</span> <span class='ocrx_word' id='word_1_369' title='bbox 273 2837 349 2876; x_wconf 74' lang='lat' dir='ltr'>quia</span> <span class='ocrx_word' id='word_1_370' title='bbox 373 2838 505 2867; x_wconf 49' lang='lat' dir='ltr'>velentis</span> <span class='ocrx_word' id='word_1_371' title='bbox 527 2860 533 2867; x_wconf 90' lang='lat'>.</span> <span class='ocrx_word' id='word_1_372' title='bbox 552 2861 558 2867; x_wconf 93' lang='lat'>.</span> <span class='ocrx_word' id='word_1_373' title='bbox 576 2861 583 2867; x_wconf 95' lang='lat'>.</span> <span class='ocrx_word' id='word_1_374' title='bbox 606 2838 758 2867; x_wconf 72' lang='lat' dir='ltr'>veniebat.</span> 
     </span>
    </p>
   </div>
   <div class='ocr_carea' id='block_1_4' title="bbox 801 2336 1473 2827">
    <p class='ocr_par' dir='ltr' id='par_1_6' title="bbox 801 2336 1470 2499">
     <span class='ocr_line' id='line_1_51' title="bbox 803 2336 1470 2375; baseline 0.003 -10"><span class='ocrx_word' id='word_1_375' title='bbox 803 2336 896 2366; x_wconf 66' lang='lat' dir='ltr'>Unus</span> <span class='ocrx_word' id='word_1_376' title='bbox 920 2346 936 2365; x_wconf 90' lang='lat' dir='ltr'>e</span> <span class='ocrx_word' id='word_1_377' title='bbox 961 2336 1053 2375; x_wconf 85' lang='lat' dir='ltr'>regiis</span> <span class='ocrx_word' id='word_1_378' title='bbox 1075 2337 1238 2367; x_wconf 82' lang='lat' dir='ltr'>codicibus</span> <span class='ocrx_word' id='word_1_379' title='bbox 1254 2339 1399 2368; x_wconf 81' lang='lat' dir='ltr'>exhibuit</span> <span class='ocrx_word' id='word_1_380' title='bbox 1417 2350 1470 2369; x_wconf 81' lang='lat' dir='ltr'>no-</span> 
     </span>
     <span class='ocr_line' id='line_1_52' title="bbox 801 2378 1470 2419; baseline 0.007 -14"><span class='ocrx_word' id='word_1_381' title='bbox 801 2378 848 2407; x_wconf 81' lang='lat' dir='ltr'>bis</span> <span class='ocrx_word' id='word_1_382' title='bbox 875 2389 945 2407; x_wconf 83' lang='lat' dir='ltr'>eam</span> <span class='ocrx_word' id='word_1_383' title='bbox 976 2378 1164 2417; x_wconf 85' lang='lat' dir='ltr'>scripturam</span> <span class='ocrx_word' id='word_1_384' title='bbox 1192 2390 1286 2417; x_wconf 85' lang='lat' dir='ltr'>quam</span> <span class='ocrx_word' id='word_1_385' title='bbox 1318 2383 1470 2419; x_wconf 71' lang='lat' dir='ltr'>expressi-</span> 
     </span>
     <span class='ocr_line' id='line_1_53' title="bbox 801 2421 1470 2460; baseline 0.006 -12"><span class='ocrx_word' id='word_1_386' title='bbox 801 2430 880 2449; x_wconf 83' lang='lat' dir='ltr'>mus.</span> <span class='ocrx_word' id='word_1_387' title='bbox 929 2421 1025 2450; x_wconf 88' lang='lat' dir='ltr'>Illam</span> <span class='ocrx_word' id='word_1_388' title='bbox 1052 2421 1233 2450; x_wconf 86' lang='lat' dir='ltr'>coniectura</span> <span class='ocrx_word' id='word_1_389' title='bbox 1258 2422 1319 2451; x_wconf 87' lang='lat' dir='ltr'>iam</span> <span class='ocrx_word' id='word_1_390' title='bbox 1346 2433 1470 2460; x_wconf 73' lang='lat' dir='ltr'>praece-</span> 
     </span>
     <span class='ocr_line' id='line_1_54' title="bbox 803 2461 1229 2499; baseline 0.005 -9"><span class='ocrx_word' id='word_1_391' title='bbox 803 2466 891 2499; x_wconf 85' lang='lat' dir='ltr'>perat</span> <span class='ocrx_word' id='word_1_392' title='bbox 909 2461 1099 2491; x_wconf 67' lang='lat' dir='ltr'>Gronovius.</span> <span class='ocrx_word' id='word_1_393' title='bbox 1124 2464 1229 2492; x_wconf 68' lang='lat' dir='ltr'>GREv.</span> 
     </span>
    </p>

    <p class='ocr_par' dir='ltr' id='par_1_7' title="bbox 802 2504 1472 2657">
     <span class='ocr_line' id='line_1_55' title="bbox 846 2504 1471 2542; baseline 0.005 -9"><span class='ocrx_word' id='word_1_394' title='bbox 846 2513 862 2541; x_wconf 80' lang='lat'>5</span> <span class='ocrx_word' id='word_1_395' title='bbox 887 2504 1172 2542; x_wconf 69' lang='lat' dir='ltr'>Cbnz‘eneranlque</span> <span class='ocrx_word' id='word_1_396' title='bbox 1190 2504 1299 2542; x_wconf 78' lang='lat' dir='ltr'>duces]</span> <span class='ocrx_word' id='word_1_397' title='bbox 1341 2505 1417 2535; x_wconf 76' lang='lat' dir='ltr'>Non</span> <span class='ocrx_word' id='word_1_398' title='bbox 1439 2506 1471 2536; x_wconf 83' lang='lat' dir='ltr'>in</span> 
     </span>
     <span class='ocr_line' id='line_1_56' title="bbox 803 2544 1472 2582; baseline 0.007 -9"><span class='ocrx_word' id='word_1_399' title='bbox 803 2544 1010 2582; x_wconf 75' lang='lat' dir='ltr'>colloquium,</span> <span class='ocrx_word' id='word_1_400' title='bbox 1034 2545 1089 2573; x_wconf 88' lang='lat' dir='ltr'>sed</span> <span class='ocrx_word' id='word_1_401' title='bbox 1120 2549 1245 2574; x_wconf 85' lang='lat' dir='ltr'>tantum</span> <span class='ocrx_word' id='word_1_402' title='bbox 1277 2546 1308 2575; x_wconf 90' lang='lat' dir='ltr'>in</span> <span class='ocrx_word' id='word_1_403' title='bbox 1335 2548 1472 2577; x_wconf 85' lang='lat' dir='ltr'>eandem</span> 
     </span>
     <span class='ocr_line' id='line_1_57' title="bbox 802 2585 1472 2624; baseline 0.009 -10"><span class='ocrx_word' id='word_1_404' title='bbox 802 2585 974 2624; x_wconf 79' lang='lat' dir='ltr'>regionem,</span> <span class='ocrx_word' id='word_1_405' title='bbox 992 2586 1035 2615; x_wconf 89' lang='lat' dir='ltr'>ita</span> <span class='ocrx_word' id='word_1_406' title='bbox 1060 2590 1093 2615; x_wconf 89' lang='lat' dir='ltr'>ut</span> <span class='ocrx_word' id='word_1_407' title='bbox 1118 2586 1203 2616; x_wconf 86' lang='lat' dir='ltr'>haud</span> <span class='ocrx_word' id='word_1_408' title='bbox 1228 2589 1366 2618; x_wconf 87' lang='lat' dir='ltr'>multum</span> <span class='ocrx_word' id='word_1_409' title='bbox 1390 2589 1472 2620; x_wconf 88' lang='lat' dir='ltr'>inter</span> 
     </span>
     <span class='ocr_line' id='line_1_58' title="bbox 802 2628 1006 2657; baseline 0 -1"><span class='ocrx_word' id='word_1_410' title='bbox 802 2638 834 2657; x_wconf 81' lang='lat' dir='ltr'>se</span> <span class='ocrx_word' id='word_1_411' title='bbox 850 2628 1006 2657; x_wconf 83' lang='lat' dir='ltr'>abessent.</span> 
     </span>
    </p>

    <p class='ocr_par' dir='ltr' id='par_1_8' title="bbox 801 2668 1473 2827">
     <span class='ocr_line' id='line_1_59' title="bbox 845 2668 1472 2709; baseline 0.005 -10"><span class='ocrx_word' id='word_1_412' title='bbox 845 2668 864 2699; x_wconf 87' lang='lat'><strong>6</strong></span> <span class='ocrx_word' id='word_1_413' title='bbox 888 2671 974 2700; x_wconf 74' lang='lat' dir='ltr'>Meis</span> <span class='ocrx_word' id='word_1_414' title='bbox 996 2672 1166 2709; x_wconf 73' lang='lat' dir='ltr'>auspiciis]</span> <span class='ocrx_word' id='word_1_415' title='bbox 1207 2671 1295 2706; x_wconf 74' lang='lat' dir='ltr'>Quia</span> <span class='ocrx_word' id='word_1_416' title='bbox 1321 2673 1472 2704; x_wconf 85' lang='lat' dir='ltr'>Cornelio</span> 
     </span>
     <span class='ocr_line' id='line_1_60' title="bbox 801 2711 1473 2753; baseline 0.007 -13"><span class='ocrx_word' id='word_1_417' title='bbox 801 2715 884 2741; x_wconf 87' lang='lat' dir='ltr'>sorte</span> <span class='ocrx_word' id='word_1_418' title='bbox 916 2711 1076 2750; x_wconf 85' lang='lat' dir='ltr'>Hispania</span> <span class='ocrx_word' id='word_1_419' title='bbox 1113 2719 1261 2743; x_wconf 80' lang='lat' dir='ltr'>evenerat</span> <span class='ocrx_word' id='word_1_420' title='bbox 1299 2715 1473 2753; x_wconf 74' lang='lat' dir='ltr'>provincia,</span> 
     </span>
     <span class='ocr_line' id='line_1_61' title="bbox 801 2754 1472 2796; baseline 0.007 -14"><span class='ocrx_word' id='word_1_421' title='bbox 801 2754 946 2792; x_wconf 84' lang='lat' dir='ltr'>adeoque</span> <span class='ocrx_word' id='word_1_422' title='bbox 972 2754 1039 2784; x_wconf 87' lang='lat' dir='ltr'>eius</span> <span class='ocrx_word' id='word_1_423' title='bbox 1065 2755 1214 2793; x_wconf 83' lang='lat' dir='ltr'>auspiciis</span> <span class='ocrx_word' id='word_1_424' title='bbox 1240 2766 1288 2785; x_wconf 81' lang='lat' dir='ltr'>res</span> <span class='ocrx_word' id='word_1_425' title='bbox 1314 2757 1356 2786; x_wconf 86' lang='lat' dir='ltr'>ibi</span> <span class='ocrx_word' id='word_1_426' title='bbox 1387 2768 1472 2796; x_wconf 82' lang='lat' dir='ltr'>gere-</span> 
     </span>
     <span class='ocr_line' id='line_1_62' title="bbox 803 2796 1061 2827; baseline 0.012 -4"><span class='ocrx_word' id='word_1_427' title='bbox 803 2796 927 2826; x_wconf 84' lang='lat' dir='ltr'>bantur.</span> <span class='ocrx_word' id='word_1_428' title='bbox 954 2796 1061 2827; x_wconf 80' lang='lat' dir='ltr'>DOER.</span> 
     </span>
    </p>
   </div>
   <div class='ocr_carea' id='block_1_5' title="bbox 1169 2885 1243 2920">
    <p class='ocr_par' dir='ltr' id='par_1_9' title="bbox 1169 2885 1243 2920">
     <span class='ocr_line' id='line_1_63' title="bbox 1169 2885 1243 2920; baseline 0.014 -1"><span class='ocrx_word' id='word_1_429' title='bbox 1169 2885 1243 2920; x_wconf 62' lang='lat'>92</span> 
     </span>
    </p>
   </div>
  </div>
 </body>
</html>
