1877 3178
363 89 440 127 156
869 85 1016 128 ΤΙΤΙ
1053 85 1234 127 LIVII

152 178 196 209 U·
215 179 252 209 C.
276 185 346 218 537·
359 175 491 216 sulam
513 175 648 217 Nolae
677 176 944 232 praesideret,
967 176 1124 216 missus
1187 175 1405 215 Praetores
1426 175 1470 215 in
1494 174 1676 216 Siciliam
1698 190 1744 216 ac

150 221 191 252 A·
215 221 253 252 C·
276 228 347 260 ²¹5·
363 233 593 274 Sardiniam
612 233 796 289 profecti.
845 232 1051 274 Consules
1068 232 1303 280 edixerunt,
1321 231 1484 287 quoties
1497 231 1541 271 in
1555 240 1744 273 senatum

358 300 586 340 vocassent,
610 290 672 330 uti
693 298 914 339 senatores,
934 290 1168 344 quibusque
1191 288 1235 328 in
1256 297 1402 328 senatu
1419 288 1556 329 dicere
1578 297 1744 329 senten·
1757 297 1775 326 8

360 347 459 388 tiam
480 347 636 396 liceret,
660 347 712 387 ad
740 356 900 402 portam
927 346 1141 401 Capenam
1169 345 1451 385 convenirent.
1513 344 1743 394 Praetores,

360 419 538 459 quorum
569 404 798 444 iurisdictio
829 412 926 452 erat,
960 402 1181 443 tribunalia
1212 402 1264 441 ad
1295 401 1504 442 Piscinam
1536 402 1776 457 publicam9

358 470 598 516 posuerunt.
662 461 725 501 Eo
747 460 983 501 vadimonia
1008 460 1098 501 fieri
1127 459 1358 499 iusserunt:
1393 458 1535 513 ibique
1558 473 1606 499 eo
1634 474 1745 499 anno
1761 477 1773 497 1

359 518 423 558 ius
445 518 602 558 dictum
626 526 698 557 est.

417 573 592 614 Interim
618 574 930 629 Carthaginem,
946 573 1058 613 uude
1082 572 1211 627 Mago
1228 572 1352 612 frater
1374 571 1624 612 Hannibalis
1641 572 1746 612 duo-

360 631 495 672 decim
514 631 643 671 millia
656 631 845 686 peditum
861 639 903 671 et
917 630 1028 670 mille
1044 630 1295 685 quingentos
1309 629 1484 683 equites,
1500 629 1647 684 viginti
1662 628 1745 669 ele-

360 687 551 743 phantos,
571 688 682 728 mille
705 687 865 742 argenti
888 686 1042 727 talenta
1062 687 1106 726 in
1128 686 1289 726 Italiam
1313 686 1622 726 transmissurus
1643 694 1742 734 erat,
1758 707 1774 727 2

360 759 455 784 cum
473 745 677 799 praesidio
695 744 910 799 sexaginta
926 744 1094 784 navium
1118 743 1348 797 longarum,
1367 742 1540 782 nuntius
1561 743 1743 791 affertur,

360 801 404 840 in
415 801 620 856 Hispania
628 816 714 842 rem
730 801 835 841 male
850 809 1021 856 gestam,
1032 815 1258 855 omnesque
1266 800 1395 840 ferme
1406 800 1494 839 eius
1508 799 1743 854 provinciae

360 858 536 913 populos
557 858 609 898 ad
632 858 844 898 Romanos
865 857 1075 898 defecisse.
1140 857 1283 904 Erant,
1303 856 1375 911 qui
1398 856 1626 911 BIagonem
1649 871 1744 896 cum

362 914 487 955 classe
509 930 558 954 ea
578 915 804 969 copiisque,
827 914 977 954 omissa
998 914 1128 961 Italia,
1147 914 1189 953 in
1214 913 1461 968 Hispaniam
1487 921 1743 961 averterent3

364 986 493 1025 quum
512 970 726 1012 Sardiniae
741 971 1004 1026 recipiendae
1020 971 1239 1025 repentina
1252 985 1343 1025 spes
1352 969 1514 1010 affulsit.
1546 970 1744 1009 ‘Parvum

364 1033 376 1050 ‘
391 1028 448 1067 ibi
465 1028 695 1068 exercitum
719 1028 957 1067 Romanum
976 1042 1086 1067 esse:
1120 1035 1304 1067 veterem
1321 1035 1553 1081 praetorem
1571 1026 1669 1066 inde
1692 1026 1742 1066 A.

363 1089 375 1107 ‘
392 1083 636 1124 Cornelium
651 1084 886 1138 provinciae
901 1084 1081 1138 peritum
1094 1083 1310 1131 decedere,
1329 1098 1483 1123 novum
1498 1083 1741 1138 exspectari.

363 1140 460 1180 ‘Ad
496 1140 587 1188 hoc,
622 1140 747 1180 fessos
780 1140 861 1180 iam
895 1140 1054 1180 animos
1093 1139 1317 1185 Sardorum
1350 1154 1436 1179 esse
1470 1139 1743 1180 diuturnitate

363 1203 374 1220 ‘
388 1197 569 1252 imperii:
595 1205 636 1237 et
650 1197 840 1251 proximo
855 1196 904 1235 iis
922 1205 1032 1236 anno
1047 1196 1192 1236 acerbe
1208 1204 1333 1250 atque
1348 1210 1467 1236 avare
1482 1196 1742 1250 imperatum.

362 1259 374 1277 ‘
390 1253 518 1294 Gravi
540 1254 696 1294 tributo
718 1263 760 1294 et
776 1252 996 1293 collatione
1015 1253 1160 1307 iniqua
1176 1252 1373 1293 frumenti
1389 1267 1560 1307 pressos.
1625 1251 1746 1292 Nihil

363 1316 373 1334 ‘
390 1310 532 1351 deesse
555 1310 681 1358 aliud,
705 1325 830 1365 quam
852 1318 1076 1358 auctorem,
1092 1309 1144 1349 ad
1165 1324 1290 1364 quem
1313 1309 1566 1349 defice1·ent.’
1627 1308 1745 1349 Haec

361 1367 618 1408 clandestina
642 1367 794 1422 legatio
814 1382 889 1422 per
919 1367 1127 1422 principes
1148 1366 1271 1406 missa
1300 1374 1409 1414 erat3
1444 1366 1622 1406 maxime
1654 1381 1745 1406 eam

360 1438 447 1464 rem
471 1423 668 1463 moliente
688 1423 975 1478 Hampsicora,
994 1424 1065 1478 qui
1089 1432 1177 1463 tum
1192 1423 1435 1463 auctoritate
1458 1432 1583 1478 atque
1597 1423 1745 1478 opibus

361 1479 483 1535 longe
515 1480 673 1535 primus
703 1491 800 1520 erat.
866 1479 946 1520 His
977 1480 1134 1520 nuntiis
1166 1495 1294 1535 prope
1326 1496 1411 1520 uno
1443 1488 1628 1535 tcmpore
1661 1488 1745 1520 tur-

361 1537 446 1577 bati
487 1537 697 1591 erectique
748 1536 976 1591 Magonem
1023 1552 1119 1577 cum
1167 1537 1293 1577 classe
1334 1552 1408 1577 sua
1447 1537 1659 1592 copiisque
1701 1536 1745 1576 in

363 1593 611 1648 Hispaniam
635 1594 816 1634 mittunt.
879 1593 929 1633 In
959 1593 1191 1633 Sardiniam
1221 1593 1530 1634 Hasdrubalem
1555 1593 1746 1648 deligunt

361 1650 534 1690 ducem:
569 1659 611 1690 et
638 1658 800 1690 tantum
830 1650 958 1690 ferme
985 1650 1211 1705 copiarum,
1234 1659 1439 1705 quantum
1462 1650 1650 1706 Magoni,
1674 1650 1746 1690 de-

361 1715 548 1747 cernunt.

420 1763 475 1804 Et
498 1764 658 1804 Romae
680 1764 881 1812 consules,
906 1763 1118 1804 transactis
1140 1764 1274 1811 rebus,
1299 1779 1405 1818 quae
1428 1764 1471 1803 in
1494 1764 1594 1803 urbe
1617 1778 1745 1818 agen-

361 1820 437 1860 dae
460 1833 588 1869 erant,
612 1822 834 1861 movebant
855 1821 937 1860 iam
969 1836 1055 1860 sese
1078 1820 1130 1860 ad
1156 1820 1323 1860 bellum.
1388 1820 1453 1860 Ti.
1477 1819 1746 1875 Sempronius

361 1877 562 1917 militibus
594 1877 829 1918 Sinuessam
861 1878 973 1917 diem
995 1877 1047 1916 ad
1078 1877 1413 1917 conveniendum
1435 1877 1590 1925 edixit3
1624 1885 1666 1917 et
1690 1876 1742 1924 Q.
1759 1889 1776 1919 3

361 1933 524 1982 Fabius,
547 1934 735 1974 consulto
756 1935 870 1989 prius
900 1942 1058 1982 senatu,
1082 1942 1126 1973 ut
1148 1934 1357 1973 frumenta
1378 1948 1522 1973 omnes
1547 1949 1599 1973 ex
1625 1933 1744 1988 agris,

360 1999 455 2031 ante
479 1991 693 2031 Kalendas
710 1991 852 2031 Iunias
868 1991 1033 2046 primas,
1052 1991 1095 2029 in
1110 1991 1232 2031 urbes
1250 1990 1428 2030 munitas
1450 1990 1742 2030 conveherent.
1759 2004 1779 2032 4

153 860 320 889 Vocantur

154 901 255 931 Poeni
272 902 304 931 in

153 943 332 974 Sardiniam

152 986 192 1014 ab
210 986 313 1015 Ham-

153 1036 285 1064 psicora.

402 2090 421 2119 8
445 2091 629 2129 Qaihasque
651 2091 686 2119 in
708 2094 822 2120 senatu
839 2091 942 2120 dicere
961 2100 1029 2119 sen-

360 2132 491 2161 tentiam
516 2133 638 2168 liceret]
670 2132 768 2166 “Qui
796 2136 867 2170 post
896 2132 1029 2161 lustrum

360 2172 525 2202 conditum
549 2184 588 2202 ex
611 2173 786 2202 iunioribus
809 2173 1029 2212 magistratum

360 2224 486 2253 cepere,
506 2214 538 2243 in
562 2219 674 2244 senatu
696 2215 887 2244 sententiam
908 2215 1030 2251 dicunt,

360 2266 424 2286 non
451 2260 559 2286 tamen
587 2260 746 2286 senatores
768 2260 921 2286 vocantur
944 2260 1030 2292 ante,

361 2308 456 2336 quam
480 2298 512 2327 in
536 2298 709 2328 senioribus
733 2302 806 2327 sunt
826 2298 946 2328 censi.”
970 2298 1028 2327 Fe-

360 2344 435 2370 stus.
473 2341 511 2370 cf.
536 2341 574 2370 A.
593 2340 678 2370 Gell.
701 2340 744 2370 iii.
772 2341 818 2370 18.
844 2341 864 2355 ‘⁶
883 2341 954 2370 Imo
978 2350 1030 2378 pe-

361 2382 440 2411 darii
470 2382 557 2415 dicti,
583 2382 648 2420 qui,
674 2383 817 2411 nondum
848 2392 867 2411 a
898 2382 1030 2411 censori-

360 2425 420 2453 bus
443 2424 475 2453 in
501 2428 646 2453 senatum
670 2424 757 2461 lecti,
780 2428 940 2454 senatores
963 2423 1030 2462 qui-

361 2466 433 2495 dem
459 2476 521 2495 non
547 2470 646 2503 erant,
669 2467 735 2503 sed,
759 2466 834 2504 quia
860 2466 1031 2495 honoribus

362 2508 473 2546 populi
501 2508 548 2537 usi
572 2512 672 2545 erant,
698 2508 730 2537 in
755 2512 901 2538 senatum
926 2507 1028 2538 venie-

360 2550 448 2586 bant,
464 2554 496 2579 ct
512 2551 687 2580 sentcntiae
704 2551 752 2580 ius
768 2550 963 2580 habebant.'''

407 2601 426 2630 9
450 2593 612 2622 Piscinam
634 2594 813 2631 publicam]
847 2593 867 2607 ‘⁶
883 2592 1030 2622 Piscinae

362 2632 508 2670 publicae.
538 2634 633 2663 hodie
662 2645 779 2664 nomen
809 2638 930 2670 manet,
960 2634 1029 2673 ipsa

362 2684 424 2702 non
448 2678 566 2711 manet,
589 2677 629 2705 ad
649 2686 745 2714 quam
770 2680 801 2706 et
823 2679 981 2713 natatum,
997 2680 1028 2705 et

362 2715 597 2745 exercitationis
619 2718 737 2756 alioqui
764 2728 857 2748 causa
882 2718 1028 2747 veniebat

362 2757 534 2795 populus.”
558 2758 680 2788 Festus.

409 2809 419 2827 1
446 2800 495 2828 Eo
518 2800 697 2829 vadimonia
712 2802 807 2839 fieri]
835 2801 866 2831 h.
883 2812 909 2831 e.
929 2801 1028 2838 Lites,
1057 2813 1064 2826 ι

1076 2100 1185 2119 causas
1202 2089 1340 2127 privatas
1362 2089 1411 2128 agi
1436 2089 1602 2119 iusserunt.
1635 2089 1673 2119 cf.
1693 2090 1746 2119 Iu-

1076 2132 1178 2161 venal.
1196 2131 1238 2161 iii.
1258 2132 1326 2170 298.

1119 2183 1134 2202 2
1159 2174 1255 2202 Mille
1278 2174 1403 2211 aryentz'
1425 2174 1562 2210 talenta]
1593 2173 1632 2202 cf.
1651 2172 1744 2211 Supr.

1079 2224 1126 2253 13,
1142 2214 1195 2243 ubi
1213 2224 1269 2252 pro
1287 2215 1370 2253 vulg.
1388 2216 1487 2244 mulla
1509 2216 1643 2251 talenta,
1660 2215 1745 2252 quod

1074 2256 1106 2285 in
1135 2256 1293 2294 plerisque
1318 2257 1389 2286 cdd.
1414 2260 1513 2293 extat,
1540 2258 1625 2287 mille
1651 2258 1744 2296 quin-

1072 2302 1169 2336 qenta
1191 2308 1230 2327 ex
1248 2298 1368 2327 Mureti
1393 2298 1561 2334 sententia,
1581 2302 1637 2328 aut
1660 2300 1745 2329 mille

1075 2341 1312 2379 quinquaqinta
1329 2341 1498 2379 legendum
1516 2340 1650 2371 videtur.
1698 2340 1744 2370 U-

1075 2381 1153 2411 trius
1170 2392 1242 2411 vero
1266 2382 1327 2411 loci
1350 2382 1445 2411 lectio
1462 2393 1500 2412 ex
1519 2383 1620 2412 altero
1637 2392 1743 2412 emen-

1076 2425 1181 2453 danda
1197 2424 1247 2457 sit,
1264 2434 1376 2462 parum
1392 2424 1502 2462 liquet.

1118 2475 1134 2504 3
1153 2467 1315 2495 Militibus
1328 2467 1528 2503 Sinuessam]
1552 2465 1744 2502 Volonibus,

1074 2511 1105 2538 et
1122 2508 1277 2537 sociorum
1294 2509 1405 2538 decem
1426 2508 1581 2544 millibus,
1598 2518 1679 2546 quae
1694 2507 1742 2538 illi

1074 2554 1156 2580 sorte
1172 2553 1354 2587 evenerant,
1370 2549 1489 2589 quippe
1505 2551 1588 2579 duae
1603 2549 1742 2589 legiones

1074 2593 1214 2622 urbanae
1229 2593 1325 2622 Cales
1341 2596 1562 2622 convenerant.
1588 2592 1698 2621 SIGoN.

1116 2646 1134 2672 4
1158 2637 1244 2665 Ante
1270 2636 1434 2664 Kalendas
1456 2635 1573 2664 Iunias
1598 2633 1737 2672 primas]

1074 2676 1303 2715 Inscriptiones
1326 2677 1432 2715 plures
1455 2676 1541 2714 apud
1559 2675 1685 2705 Gruter.
1708 2674 1739 2703 in

1073 2719 1187 2756 quibus
1196 2719 1359 2749 Kalendas
1372 2719 1495 2757 primas
1508 2716 1652 2755 legimus,
1663 2715 1738 2745 citat

1074 2761 1238 2790 Drakenb.
