1871 3178
530 90 652 131 LIB.
689 90 834 130 XXX.
884 90 1029 129 CAP.
1065 93 1101 128 6.
1424 92 1504 130 507

125 182 306 222 animos:
340 180 459 220 simul
484 195 535 220 ne
558 195 652 235 qua,
676 194 806 234 (pium
830 179 914 233 ipse
933 178 984 218 ad
1009 178 1242 233 Syphacem
1270 177 1508 218 llasdruba-
1526 186 1566 217 U.
1585 188 1622 216 (Ἴ.
1646 196 1716 226 549·

126 238 293 293 lemque
316 238 523 293 protectus
543 246 662 283 essct,
681 236 844 291 eruptio
861 251 911 275 ex
936 235 1036 276 urbe
1058 243 1099 274 et
1117 244 1296 290 impetus
1317 235 1360 274 in
1377 244 1509 275 castra
1524 230 1561 258 Α·
1586 230 1624 260 C·
1648 237 1717 267 ²03·

126 310 210 341 sua,
234 295 376 335 relicta
397 310 490 334 eum
514 294 590 334 levi
615 292 832 348 praesidio,
856 293 984 333 lieret.

187 351 266 392 IIis
287 351 551 406 praeparatis,
575 349 858 404 advocatoque
881 348 1066 397 consilio,
1089 347 1252 388 edicere
1275 347 1509 402 explorato-
1601 351 1638 388 5.

1526 406 1659 434 Incensa
1676 416 1695 434 a

128 409 239 449 ribus
279 409 409 457 iussu,
447 423 552 463 quae
594 416 806 462 comperta
840 406 1046 453 afferrent,
1086 404 1404 459 Masinissaque,
1442 405 1544 475 cuis-
1570 446 1609 485 '15

1525 466 1529 475 ι
1549 458 1574 476 el
1593 459 1598 474 7
1614 458 1683 476 one.

128 466 269 507 omnia
289 465 470 505 hostium
499 473 598 505 nota
618 472 758 511 crant;
791 471 1000 518 postremo
1022 462 1122 517 ipsc,
1145 461 1247 516 quid
1276 470 1439 516 pararet
1467 462 1510 501 in

128 523 359 578 proximam
401 530 581 570 noctem,
622 520 827 576 proponit.
902 519 1101 560 Tribunis
1141 518 1281 566 edicit,
1323 527 1382 567 ut,
1424 519 1510 567 ubi,

101 595 111 615 1
128 579 332 635 praetorio
354 579 536 628 dimisso,
559 579 675 633 signa
703 577 1024 625 concinuissent,
1048 575 1259 630 extemplo
1285 574 1513 615 educerent

128 637 270 677 castris
303 636 496 691 legiones.
560 635 636 683 Ita,
670 642 715 674 ut
747 634 1032 689 imperaverat,
1067 633 1184 687 signa
1214 633 1289 672 sub
1321 647 1512 672 occasum

129 693 224 734 solis
240 693 375 734 efferri
398 701 495 732 sunt
510 700 668 745 coepta.
732 690 804 730 Ad
825 690 999 746 primam
1016 689 1145 730 ferme
1163 689 1345 744 vigiliam
1363 703 1512 743 agmen

129 750 467 806 explicaverunt:
507 748 645 788 media
675 756 796 787 nocte
828 748 1006 802 (septem
1040 747 1152 787 enim
1190 746 1318 786 millia
1355 745 1513 786 itineris

129 807 267 861 erant)
298 806 461 846 modico
497 804 629 860 gradu
660 804 713 844 ad
746 812 877 844 castra
913 803 1095 844 hostium
1126 812 1385 858 perventum.
1449 801 1513 842 Ibi

133 863 272 919 Scipio
285 872 444 918 partem
459 862 671 917 copiarum
690 860 846 909 Laelio,
865 860 1210 914 Masinissamque
1225 876 1271 900 ac
1291 858 1513 907 Numidas,

129 920 343 961 attribuit:
378 928 419 959 et
445 928 577 959 castra
608 918 810 973 Syphacis
841 917 1050 965 invadere,
1074 918 1274 971 ignesque
1309 916 1514 956 coniicere

98 991 115 1012 2
130 977 255 1018 iubet.
321 975 514 1031 Singulos
531 975 684 1016 deinde
707 974 938 1029 separatim,
959 973 1149 1014 Laelium
1171 988 1217 1013 ac
1236 972 1514 1020 Masinissam,

129 1033 321 1075 seductos
343 1034 584 1080 obtestatur,
609 1037 619 1055 ‘
634 1040 691 1080 ut,
715 1039 919 1086 quantum
942 1045 1026 1070 nox
1043 1029 1327 1087 providentiae
1345 1029 1514 1077 adimat,

100 1101 117 1131 3
133 1096 143 1114 ‘
157 1099 318 1131 tantum
333 1089 549 1144 diligentia
565 1088 762 1143 expleant
778 1103 971 1142 curaque.
1037 1087 1089 1128 Sc
1109 1085 1415 1127 Hasdrubalem
1430 1085 1515 1125 Pu-

133 1147 334 1202 ‘nicaque
357 1155 488 1186 castra
515 1160 815 1200 aggressurum.
880 1145 1082 1184 Ceterum
1108 1159 1192 1184 non
1219 1152 1314 1183 ante
1344 1151 1516 1197 coeptu-

133 1210 263 1253 ‘run1,
287 1218 412 1258 quam
441 1203 582 1258 ignem
606 1202 645 1242 in
673 1202 796 1257 regiis
824 1201 964 1242 castris
993 1200 1300 1255 conspexisset.’
1362 1199 1514 1253 Neque

100 1276 180 1303 4ea
212 1276 277 1301 res
312 1268 470 1300 morata
503 1259 576 1299 diu
607 1267 679 1299 est.
744 1258 869 1307 Nam,
901 1267 947 1298 ut
977 1257 1176 1313 proximis
1207 1257 1309 1297 casis
1339 1256 1516 1296 iniectus

132 1318 240 1373 ignis
271 1317 415 1365 haesit,
438 1316 650 1371 extemplo
677 1316 868 1371 proxima
893 1329 1097 1370 quaeque,
1121 1323 1163 1354 et
1190 1313 1388 1367 deinceps
1417 1327 1516 1353 con-

133 1375 251 1416 tinua
270 1374 498 1429 amplexus,
518 1374 612 1414 totis
634 1388 675 1413 se
697 1373 847 1428 passim
870 1371 1083 1427 dissipavit
1103 1371 1255 1411 castris.
1319 1369 1375 1410 Et
1392 1369 1517 1424 trepi-

102 1442 118 1472 5
134 1431 246 1472 datio
268 1430 453 1487 quidem,
472 1439 669 1485 quantam
692 1445 858 1470 necesse
881 1439 982 1478 crat,
998 1428 1041 1468 in
1062 1437 1266 1468 nocturno
1284 1427 1415 1467 effuso
1433 1436 1517 1466 tam

134 1488 214 1529 late
233 1488 442 1537 incendio,
459 1496 549 1528 orta
569 1495 652 1527 est:
686 1496 884 1535 ceterum,
907 1485 1136 1533 fortuitum,
1155 1500 1240 1525 non
1261 1483 1452 1524 hostilem
1470 1498 1517 1523 ac

133 1545 342 1593 bellicum,
365 1545 506 1599 ignem
528 1544 604 1584 rati
630 1559 730 1592 csse,
753 1543 841 1584 sine
864 1544 986 1584 armis
1008 1542 1060 1582 ad
1081 1540 1427 1596 restinguendum
1450 1540 1515 1579 in-

133 1602 330 1643 cendium
353 1602 484 1650 effusi,
508 1602 551 1641 in
577 1609 754 1641 armatos
775 1600 958 1641 incidere
988 1599 1138 1647 hostes,
1161 1598 1340 1638 maxime
1364 1595 1406 1636 N
1411 1596 1518 1636 umi-

134 1659 219 1708 das,
241 1659 292 1699 ab
316 1658 537 1699 Masinissa
556 1658 705 1699 notitia
729 1658 936 1712 regiorum
962 1665 1189 1696 castrorum
1218 1653 1270 1695 ad
1291 1654 1428 1694 exitus
1450 1653 1518 1693 iti-

133 1731 282 1757 nerum
314 1715 474 1756 idoneis
506 1715 606 1755 locis
639 1714 869 1770 dispositos.
933 1712 1093 1753 Multos
1120 1712 1164 1752 in
1190 1711 1288 1766 ipsis
1313 1709 1519 1751 cubilibus

134 1772 403 1813 semisomnos
425 1772 561 1813 hausit
581 1772 769 1812 flamma:
802 1770 926 1811 multi
952 1770 994 1810 in
1017 1768 1234 1825 praecipiti
1261 1768 1370 1823 fuga,
1394 1782 1519 1807 ruen-

135 1838 196 1871 tes
216 1844 340 1885 super
360 1829 460 1869 alios
481 1828 563 1878 alii,
582 1829 625 1868 in
648 1828 847 1884 angustiis
867 1835 1080 1883 portarum
1102 1825 1244 1867 obtriti
1261 1833 1369 1865 sunt.
1432 1824 1519 1864 Re-
1605 1820 1642 1858 6-

134 1886 344 1927 lucentem
364 1886 574 1926 flammam
594 1885 729 1940 primo
750 1885 893 1939 vigiles
917 1882 1341 1938 Carthaginiensium,
1364 1880 1518 1921 deinde

135 1943 305 1984 excitati
327 1943 397 1983 alii
424 1951 630 1983 nocturno
658 1941 842 1982 tumultu
862 1955 992 1995 quum
1022 1939 1348 1994 conspexissent,
1371 1938 1422 1978 ab
1450 1952 1521 1977 οο-

136 1999 233 2040 dem
265 2014 400 2039 errore
434 1998 602 2038 eredere
634 2007 676 2038 et
706 1998 783 2053 ipsi
814 2012 887 2037 sua
917 2004 1063 2051 sponte
1095 1994 1337 2035 incendium
1369 2001 1518 2034 ortum.

106 2055 195 2096 6Et
224 2055 378 2096 clamor
408 2056 516 2095 inter
547 2054 717 2095 caedem
743 2063 785 2094 et
813 2053 986 2094 vulnera
1013 2052 1209 2099 sublatus,
1239 2066 1291 2090 an
1316 2065 1369 2090 ex
1395 2050 1522 2105 trepi-

137 2112 305 2154 datione
343 2121 546 2153 nocturna
579 2120 698 2160 esset,
732 2111 939 2159 confusus,
974 2123 1140 2150 sensum
1175 2108 1262 2149 veri
1298 2107 1519 2148 adimebat.

185 2241 196 2261 1
222 2231 392 2261 Praetorio
414 2231 555 2267 dimisso]
585 2239 628 2259 sc.
654 2228 808 2264 Consilio,

140 2273 225 2312 quod
263 2273 295 2302 in
338 2272 496 2311 praetorio
536 2272 723 2302 habebatur.
769 2270 807 2301 cf.

141 2325 226 2354 supr.
242 2314 307 2344 xxi.
326 2324 374 2353 54.

185 2367 201 2386 2
225 2358 390 2395 Sinyztlos]
416 2357 567 2394 Sitzglulos
587 2356 700 2386 deinde
720 2365 809 2393 sepa-

141 2400 238 2429 ratim
263 2409 283 2428 a
311 2408 378 2427 sese
404 2398 552 2433 invicem,
578 2398 737 2433 Laelium,
765 2397 809 2426 in-

143 2451 250 2480 quam,
262 2445 291 2471 et
302 2441 521 2476 sslasinz'ssam,
530 2440 672 2470 seductos
684 2450 702 2468 a
716 2439 809 2477 vulgo

143 2488 175 2513 et
195 2483 299 2518 turba,
314 2483 495 2512 obtestatur.
542 2481 680 2510 Videtur
701 2480 811 2510 Livius

144 2525 215 2555 ideo
253 2524 441 2563 expressisse
474 2523 603 2553 nomina
639 2523 740 2553 Laelii
778 2527 809 2553 et

145 2566 345 2602 Masinissae,
383 2570 418 2595 ut
462 2565 661 2604 restringeret
699 2575 809 2594 vocem

143 2610 296 2648 sinyulos,
321 2618 403 2646 quae
430 2608 550 2637 latioris
573 2606 811 2647 significationis

146 2661 213 2681 esse
230 2654 363 2690 poterat.
388 2651 492 2681 CREv.

189 2702 205 2731 3
242 2694 418 2731 Diliyentia.
459 2693 609 2731 e.rpleant
649 2693 806 2730 curaque]

147 2735 266 2765 Totum
291 2735 375 2764 huuc
399 2736 504 2764 locum
529 2745 546 2764 e
572 2734 685 2773 Polyb.
703 2734 765 2763 xiv.
782 2745 809 2772 4.

147 2778 353 2815 desumptum
371 2787 438 2807 esse
454 2781 560 2806 monet
579 2776 734 2814 Sigonius.

191 2832 209 2857 4
233 2820 394 2850 Proximis
413 2820 493 2850 casis
514 2817 665 2857 iniectus]
692 2819 809 2848 I're'mz's

854 2238 910 2267 pro
947 2228 1102 2266 prooez'mis
1145 2226 1366 2265 reponendum
1410 2225 1523 2255 suadet

854 2270 995 2300 Gronov.
1031 2273 1101 2298 tum
1136 2269 1211 2307 quia
1247 2278 1340 2298 voees
1373 2269 1523 2307 promima

853 2322 996 2352 quaeque
1030 2317 1216 2349 sequuntur,
1250 2315 1318 2339 tum
1357 2309 1431 2347 quia
1463 2309 1522 2339 Po-

855 2354 960 2392 lybius
992 2354 1035 2383 ita
1067 2353 1202 2391 scripsit.
1254 2351 1523 2382 Emendationem

855 2396 996 2426 Gronov.
1013 2395 1044 2424 in
1062 2400 1186 2425 textum
1204 2394 1322 2433 recepit
1342 2393 1480 2423 Bekker.

897 2449 913 2477 5
938 2440 1100 2474 Quantam
1117 2448 1240 2467 necesse
1255 2434 1339 2474 erat]
1362 2437 1524 2472 Quantam

855 2490 911 2520 pro
935 2481 1018 2517 vulg.
1042 2483 1164 2519 quanta
1190 2477 1371 2508 emendavit
1401 2477 1523 2506 Grono-

854 2522 933 2558 vius,
963 2522 1017 2551 sed
1053 2526 1174 2561 quanta
1212 2524 1337 2550 servant
1368 2520 1462 2550 Crev.
1493 2523 1525 2550 et

856 2564 994 2594 Bekker.

896 2605 916 2635 6
939 2608 994 2635 An
1030 2616 1071 2636 ea*
1109 2606 1320 2644 trepidatione
1366 2608 1525 2634 nocturna

854 2653 944 2680 esset.
964 2646 1134 2686 confusus]
1162 2647 1295 2685 Aliquid
1320 2645 1469 2675 vitiosum
1493 2645 1525 2675 in

855 2691 914 2720 hoc
946 2690 1015 2720 loco
1047 2690 1146 2719 latere
1177 2693 1269 2728 putat
1299 2688 1441 2719 Gronov.
1469 2688 1525 2718 sed

856 2732 994 2764 Crevier.
1026 2731 1100 2761 licet
1132 2731 1325 2761 constructio
1358 2731 1525 2760 verborum

856 2775 962 2805 durior
986 2774 1036 2807 sit.
1062 2774 1105 2803 ita
1136 2773 1253 2813 exponi
1285 2783 1375 2812 posse
1407 2776 1526 2807 censet,

857 2819 972 2848 clamor
1004 2818 1170 2855 confusas.
1200 2816 1264 2846 sive
1303 2815 1452 2847 incertus.
1483 2825 1527 2845 an
