1871 3178
478 95 601 136 LIB.
636 94 803 136 XXVI.
848 95 993 136 (MP.
1029 100 1092 136 22.

1390 101 1467 139 307

97 191 209 227 ‘tem
249 194 290 227 et
325 186 644 242 gubernatorem
676 195 717 227 et
754 186 1042 241 imperatorem
1083 200 1182 234 esse,
1220 187 1305 240 qui,
1340 196 1529 241 qnuml'.
1547 196 1584 226 Ρ.
1607 205 1677 234 54¹·

97 242 268 283 ‘alienis
299 239 427 283 oculis
457 244 495 284 ei
517 244 656 284 υιιιιιὶἰ
685 243 845 297 {menda
864 243 958 291 sint,
981 242 1160 297 postulet
1192 243 1267 283 sibi
1296 243 1492 284 aliorum
1485 240 1521 269 A.
1547 240 1583 269 C.
1608 249 1678 269 ²¹¹·

96 305 108 323 ‘
123 300 259 355 capita
279 316 324 340 ac
346 301 495 341 fortmu
497 316 528 341 ι5·
553 301 765 341 committi.

64 369 80 389 2
97 362 108 380 ‘
123 357 211 397 (lIrc
242 358 282 397 in
316 358 555 413 suffragium
579 357 795 398 Veturiam
818 357 1026 397 iuniorum
1060 357 1233 405 iuberet,
1256 366 1297 397 et
1326 358 1470 398 memi—

828 274 1022 348 Proiiide,
1046 315 1077 339 Sl
1099 300 1321 348 videretm,
1345 311 1386 341 et
1407 317 1469 341 re-

95 414 249 455 ‘nissct
290 415 332 454 in
368 415 604 455 consulibus
645 414 832 455 creandis
873 413 981 463 belli,
1019 414 1131 469 quod
1165 415 1209 454 in
1245 414 1365 455 Italia
1404 415 1467 464 sit,

95 480 437 527 ‘temporumque
477 471 736 527 reipublicae.

814 471 1001 512 Vixdum
1042 471 1248 526 requiesse
1289 487 1407 512 aures
1447 488 1470 512 a

62 539 79 570 3
95 534 107 551 ‘
123 529 296 584 strepitu
317 538 358 570 et
380 529 560 570 tumultu
583 528 732 576 hostili,
751 544 833 584 quo
855 543 1007 583 paucos
1029 537 1123 569 ante
1146 544 1307 570 menses
1328 544 1469 569 ascen-

95 591 106 609 ‘
122 586 259 626 derint
280 602 406 642 prope
430 586 592 626 moenia
615 585 828 626 Romana.'

888 585 988 625 Post
1009 585 1109 626 haee
1131 601 1260 641 quum
1283 587 1470 626 centuria

91 642 286 698 frequens
306 643 603 690 succlamasset,
629 647 640 665 ⁶
656 642 759 682 nihil
782 658 823 683 se
845 651 1002 683 mutare
1024 643 1266 691 sententiae,
1282 643 1469 684 eosdem—

61 719 80 746 4
95 705 203 755 ‘que
224 700 412 741 consules
433 700 614 740 dicturos
639 714 750 740 esse·
742 731 751 748 ,

803 712 890 740 tum
913 700 1162 755 Torquatus,
1188 699 1365 756 ‘Neque
1391 716 1468 753 efro

94 758 297 805 ‘vestros,’
318 757 465 812 inquit,
491 763 648 797 ‘mores
673 757 816 797 consul
836 757 941 798 ferre
963 766 1120 813 potero,
1142 773 1279 813 neque
1300 773 1371 797 vos
1394 758 1469 797 im—

93 815 281 870 ‘perlllssl
310 829 459 854 anUm.

523 813 706 854 Redite
698 829 740 853 ln
771 815 871 854 suffr
873 815 1023 870 agium
1047 824 1089 855 et
1109 815 1287 869 cogitate
1313 815 1468 855 bellum

93 871 327 912 ‘Punicum
358 871 402 911 in
431 870 562 920 Itali1,
585 879 626 911 et
656 870 836 912 hostium
865 850 1013 912 ducem
1045 850 1325 913 Hannibalem
1357 873 1469 913 esse.9

92 928 203 969 Tum
243 928 439 977 centuria,
476 937 518 969 et
557 928 798 969 auctoritate
835 938 947 970 mota
986 929 1061 969 viri
1098 938 1139 970 et
1174 930 1467 970 admirantium

90 985 198 1026 circa
217 985 396 1034 fremitu,
414 986 519 1041 petit
540 1001 564 1026 a
584 985 764 1034 consule,
783 995 829 1026 ut
844 986 1059 1026 Veturiam
1082 986 1287 1027 seniorum
1304 987 1464 1027 citaret:

91 1042 239 1083 ‘Velle
267 1058 309 1083 se
340 1058 435 1083 cum
466 1043 687 1083 maioribus
718 1052 818 1083 natu
849 1043 1042 1098 colloqui,
1069 1054 1110 1084 et
1140 1059 1193 1084 cx
1224 1045 1467 1084 auctoritate

91 1105 103 1123 ‘
119 1115 261 1141 eorum
289 1100 478 1140 consules
505 1100 669 1141 dicere?

731 1099 879 1141 Citatis
906 1100 1103 1141 Veturiae
1132 1100 1373 1149 senioribus,
1396 1101 1468 1140 da-

59 1170 76 1201 5
91 1165 179 1197 tum
200 1166 357 1197 secreto
379 1157 421 1196 in
443 1157 539 1197 ovili
560 1172 655 1198 cum
671 1157 735 1197 his
751 1157 1014 1212 colloquendi
1039 1166 1211 1213 tempus.

1277 1158 1468 1199 Seniores

90 1213 142 1255 de
175 1214 302 1254 tribus
334 1213 635 1254 consulendum
669 1214 865 1254 dixerunt
897 1229 996 1262 esse,
1030 1214 1191 1255 duobus
1221 1215 1302 1255 iam
1335 1215 1468 1270 plenis

90 1271 308 1319 honorum,
345 1272 397 1318 Q.
422 1271 548 1311 Fabio
580 1280 621 1311 et
652 1270 711 1311 M.
732 1270 958 1319 BIarcello3
992 1281 1046 1320 et,
1079 1272 1111 1311 si
1141 1272 1284 1327 utique
1314 1286 1468 1312 novum

91 1328 272 1383 aliquem
294 1328 487 1368 adversus
508 1328 672 1368 Poenos
692 1328 903 1369 consulem
924 1329 1053 1369 creari
1075 1329 1242 1378 vellent,
1266 1328 1326 1369 M.
1346 1328 1469 1369 Vale-

90 1385 199 1426 rium
230 1385 460 1425 Laevinum
494 1385 657 1440 egregie
689 1385 880 1426 adversus
916 1385 1157 1441 Philippum
1190 1401 1329 1440 recrem
1362 1395 1470 1426 terra

92 1443 278 1497 marique
320 1457 382 1482 l'CS
417 1442 598 1497 geSSlSSC.

92 1556 209 1597 dium
238 1556 499 1605 Malcellum,
521 1555 749 1611 fulgentem
772 1566 859 1596 tum
884 1556 1024 1597 Sicilia
1050 1556 1219 1606 domita,
1242 1566 1284 1597 et
1305 1556 1366 1597 Μ.
1387 1557 1427 1597 Υ
1429 1573 1471 1598 a-

60 1613 240 1654 6lerium
268 1614 457 1654 absentes
484 1613 673 1654 consules
701 1613 907 1654 dixemnt.

92 1671 251 1727 gativae
273 1685 415 1711 omnes
436 1670 646 1711 centuriae
668 1679 832 1712 secutae
854 1678 961 1711 sunt.

93 1743 176 1783 qua
194 1727 399 1768 mirantes.

970 1614 1277 1654 Auctoritatem
1306 1629 1470 1669 praero-

1025 1670 1211 1712 Eludant
1231 1686 1343 1712 nunc
1365 1672 1471 1712 anti—

462 1726 562 1768 Non
583 1727 792 1783 equidem,
814 1727 845 1767 si
869 1743 952 1783 qua
971 1728 1024 1768 sit
1044 1728 1292 1784 sapientium
1314 1728 1468 1778 civitas,

60 1796 79 1825 8
92 1799 217 1841 quam
238 1784 351 1826 docti
372 1784 536 1840 fingunt
556 1785 699 1840 magis,
722 1799 846 1840 quam
875 1794 1042 1835 norunt,
1060 1794 1131 1826 aut
1151 1786 1404 1842 principeso
1380 1801 1470 1826 trra-

135 1913 152 1933 ‘z
176 1904 221 1933 Et
236 1904 440 1940 meminisset]
468 1913 509 1933 sc.
529 1902 678 1933 Veturia:
704 1904 759 1933 sed

93 1945 188 1976 lectio
205 1945 409 1975 Gronoviana
428 1946 603 1976 meminisse
620 1945 758 1976 Crevier.

93 1991 125 2017 et
148 1987 266 2018 Stroth.
290 1987 389 2026 magis
413 1988 530 2027 placet,
553 1998 649 2026 quam
675 1988 758 2018 Bek-

94 2030 159 2060 ker.
175 2030 303 2069 recepit.

139 2081 156 2110 3
178 2073 404 2110 Ascenderint]
442 2072 549 2111 Vulgo
575 2073 760 2109 assederint,

95 2114 180 2152 quod
198 2114 310 2143 merito
326 2114 486 2144 Crevierio
502 2114 611 2144 durius
627 2114 760 2151 videtur,

95 2155 149 2194 qui
175 2155 221 2185 ita
244 2156 391 2195 componi
418 2156 593 2186 orationem
622 2157 700 2193 vult,
724 2161 759 2186 ut

94 2199 218 2228 moenia
234 2199 377 2228 Romana
399 2198 431 2228 in
454 2203 539 2228 recto
561 2209 635 2228 casu
657 2199 759 2238 accipi

98 2239 225 2278 possint.
252 2240 412 2278 Kreyssig.
442 2251 539 2279 quum
556 2242 760 2272 ascenderent

97 2281 247 2321 reposuit,
269 2283 368 2312 hostes
392 2282 477 2312 haud
504 2283 599 2312 dubie
625 2288 760 2322 spectat,

97 2324 150 2362 qui
177 2324 209 2353 in
238 2333 313 2353 voce
342 2325 485 2362 praeced.
510 2325 614 2354 hostili
644 2325 759 2355 intelli-

95 2371 223 2405 guntur.

140 2421 159 2447 4
179 2410 292 2448 Neque
303 2419 357 2446 eyo
370 2409 501 2445 vestros]
520 2408 559 2438 cf.
572 2408 685 2438 Dionis
697 2409 760 2438 Ex-

97 2454 196 2489 cerpt.
213 2460 260 2490 ²9-
278 2450 309 2479 in
328 2450 452 2489 Fragm.
468 2450 615 2480 vatican.
661 2451 761 2480 Hunc

97 2493 181 2522 enim
194 2503 213 2522 a
226 2492 351 2522 Manlio
366 2496 545 2522 recusatum
563 2493 761 2522 consulatum

98 2535 164 2565 Dio
179 2535 220 2564 ad
238 2534 373 2573 priscum
394 2534 486 2564 illum
502 2534 701 2573 Torquatum
717 2545 762 2564 re-

97 2577 167 2607 fert.
214 2577 265 2606 De
280 2577 339 2606 hoe
356 2577 426 2606 loco
443 2577 481 2607 A.
495 2576 602 2606 Maius
617 2576 763 2615 “Inepta

97 2629 173 2649 sane
196 2618 275 2648 haec
298 2618 458 2657 responsio
475 2622 532 2655 est,
548 2618 572 2647 si
595 2619 635 2648 ad
657 2619 761 2648 oculo-

97 2671 168 2691 rum
183 2661 397 2691 valetudinem
413 2660 575 2697 referatur,
588 2661 642 2690 sed
659 2661 761 2690 multo

98 2703 274 2742 aptissima,
289 2703 313 2732 si
329 2704 370 2732 ad
391 2702 484 2741 prisci
501 2702 655 2741 Torquati
679 2713 762 2732 seve-

98 2746 237 2781 ritatem,
259 2750 354 2784 atque
380 2746 420 2775 ad
445 2745 565 2780 odium,
588 2755 650 2783 quo
670 2745 762 2774 illum

100 2788 247 2818 Romana
261 2788 443 2827 praesertim
458 2787 605 2817 iuventus
617 2788 656 2817 ob
669 2787 762 2817 inter-

99 2830 218 2860 fectum
230 2830 331 2860 filium
343 2831 621 2869 prosequebantur.
647 2829 762 2860 Emen-

803 1904 927 1934 dandus
950 1904 1043 1943 igitur
1064 1915 1103 1934 ex
1122 1904 1227 1934 Dione
1245 1904 1365 1939 Lixius
1381 1905 1471 1935 cuius

803 1956 938 1976 errorem
963 1946 1105 1977 hodierni
1129 1947 1280 1976 fastorum
1304 1947 1470 1994 scriptores

802 1988 953 2027 gregatim
972 1991 1179 2027 sequuntuw
1203 1989 1241 2018 cf.
1255 1999 1339 2028 supr.
1355 1989 1414 2019 viii.
1432 1997 1457 2028 7.

847 2039 862 2069 5
887 2032 928 2060 In
945 2032 1034 2068 ovili]
1066 2032 1105 2060 Id
1121 2035 1179 2065 est
1198 2031 1228 2060 in
1252 2032 1322 2060 loco
1346 2032 1468 2060 cancel-

804 2071 842 2101 lis
865 2072 1005 2111 undique
1024 2074 1142 2109 clauso,
1159 2073 1211 2111 qui
1236 2077 1365 2112 propter
1385 2074 1469 2102 simi-

805 2114 973 2144 litudinem
1001 2125 1073 2144 cum
1101 2115 1138 2145 iis
1164 2114 1272 2153 septis,
1297 2115 1329 2144 in
1356 2115 1470 2153 quibus

803 2157 1004 2186 stabulantur
1031 2167 1149 2196 greges,
1178 2158 1267 2187 Orile
1294 2157 1469 2187 dicebatur.

806 2199 890 2228 Eum
920 2198 952 2228 in
989 2199 1093 2229 Iocum
1125 2199 1266 2237 singulae
1297 2199 1470 2235 centuriae,

804 2246 897 2280 prout
924 2241 1115 2277 citabantur,
1141 2241 1307 2280 ingressae,
1334 2242 1379 2271 ita
1408 2242 1469 2271 suf-

804 2283 937 2322 fragium
960 2284 1114 2319 ferebant,
1138 2288 1172 2313 ut
1198 2284 1315 2313 nemini
1343 2283 1468 2313 interim

804 2325 913 2355 liceret
936 2326 967 2355 in
985 2326 1071 2356 Ovili
1087 2336 1163 2355 esse.
1210 2326 1288 2355 Ideo
1305 2326 1469 2355 dimittun-

804 2372 855 2396 tur
881 2368 1028 2403 seniores,
1050 2372 1221 2406 antequam
1248 2367 1385 2397 iuniores
1408 2368 1467 2397 suf-

805 2409 939 2447 fragium
955 2410 1073 2440 ineant.
1097 2410 1201 2440 CRssv.

852 2450 871 2481 6
892 2453 1062 2489 Absentes]
1109 2451 1276 2481 Valerium
1305 2452 1467 2481 absentem

806 2494 846 2522 ab
868 2494 956 2530 urbe,
977 2494 1167 2524 Marcellum
1191 2504 1209 2523 a
1227 2494 1361 2532 Campo.
1407 2493 1468 2524 Eo—

807 2536 879 2564 dem
896 2536 990 2565 modo
1007 2536 1131 2565 locutus
1147 2540 1192 2565 est
1209 2542 1324 2571 noster,
1340 2546 1424 2575 supr.
1438 2547 1468 2567 x.

807 2587 856 2607 22.
882 2576 986 2607 (ἷκεν.

851 2626 866 2657 7
888 2620 1035 2649 Eludant
1058 2620 1160 2657 nunc]
1187 2620 1340 2656 Rideant,
1357 2620 1406 2650 vel
1423 2622 1469 2650 lu-

805 2661 906 2690 dibrio
928 2661 1065 2691 habeant
1090 2661 1161 2691 illos
1183 2662 1237 2700 qui
1259 2662 1391 2702 antiqua
1412 2663 1469 2693 mi-

806 2707 924 2733 rantur.

849 2746 868 2775 8
891 2747 991 2782 Quam
1009 2747 1087 2776 docti
1102 2747 1237 2786 finyunt
1252 2748 1368 2787 mayis]
1397 2747 1470 2777 Pla-

807 2791 915 2817 tonem
934 2787 1082 2827 intelligit
1107 2789 1138 2819 in
1157 2789 1244 2820 libris
1260 2790 1299 2820 de
1317 2790 1469 2829 Republi-

808 2840 854 2860 ca.
878 2830 988 2861 Smox.

1169 2878 1242 2914 x2

662 1441 726 1482 Ita
765 1442 816 1482 de
853 1442 983 1483 tribus
1023 1442 1322 1483 consultatione
1359 1443 1467 1491 data,
1485 1450 1674 1480 xliiconsu-

91 1499 321 1540 senioribus
351 1499 572 1548 dimissis,
563 1499 743 1540 iuniores
771 1500 1010 1554 suffragium
1038 1500 1196 1540 ineunt.
1261 1499 1320 1540 M.
1343 1499 1471 1540 Clau-
1485 1493 1529 1523 ¹⁰⁷³
1546 1503 1651 1523 cre-m-

1484 1540 1543 1566 t.ur
