1871 3178
501 110 624 152 LIB.
658 109 802 151 XXV.
849 110 993 153 CAP.
1033 115 1092 152 10.

108 215 253 241 menus
274 208 372 249 crat,
390 215 484 241 cnm
506 201 625 241 solito
646 210 788 256 captae
809 201 1038 240 venationis
1059 216 1205 241 onere:
1239 203 1363 242 ceteri
1388 219 1479 258 pro·
1497 218 1536 248 ιτ,
1554 219 1591 248 (f,
1615 228 1684 256 540-

106 257 260 298 ditores
276 273 335 302 ea,
351 274 456 313 qnae
474 258 699 313 composita
713 266 840 306 erant,
859 258 1163 313 exspectabant.
1215 259 1479 301 Convenerat
1494 262 1530 291 A.
1555 263 1592 291 (“·
1616 270 1685 291 2¹²·

106 323 258 362 autern,
282 325 324 355 ut
347 315 624 364 Philemenns,
643 314 805 370 portula
824 324 985 355 assueta
1004 315 1265 356 venationem
1289 317 1479 365 inferens,

106 381 281 412 armatos
323 372 558 413 induceret:
607 381 721 427 parte
762 371 841 411 alia
879 381 1039 426 portam
1076 372 1309 413 Temenida
1349 374 1479 414 adiret

1401 118 1475 155 241

77 432 93 465 7
108 428 330 469 Hannibal.

105 485 364 541 aliquantum
396 487 502 526 iutra
532 485 695 526 moenia
723 484 1002 526 includuntur.

395 429 457 469 Ea
487 429 784 469 mediterranea
814 429 980 483 regione
1013 429 1213 470 orientem
1244 431 1475 485 spectabat:

1068 486 1210 534 Quum
1236 496 1376 542 portae
1409 503 1479 543 ap-

105 544 413 599 propinquaret,
437 543 571 583 editns
599 557 651 583 ex
678 543 904 598 composito
932 543 1038 599 ignis
1063 544 1114 584 ab
1142 543 1378 585 Hannibale
1404 554 1477 591 est,

103 600 356 656 refulsitque.

103 657 255 698 deinde
278 658 485 711 utrimque
507 657 694 697 flammae
717 665 823 697 sunt.

420 713 529 754 Nico
555 729 606 754 ex
638 714 858 769 improviso
888 715 1054 755 adortus
1079 716 1232 771 sopitos
1262 716 1405 771 vigiles
1435 717 1477 756 in

103 772 307 813 cubilibus
327 772 409 812 suis
429 772 660 819 obtruncat,
679 780 922 827 portamque
944 773 1087 828 aperit.

102 829 290 884 peditum
321 829 484 883 agmine
515 828 757 883 ingreditur,
790 829 951 884 equites
986 830 1204 871 subsistere
1235 831 1375 872 iubet:

102 901 186 941 quo
206 901 269 926 res
290 885 483 941 postulet,
507 900 720 926 occurrere
743 885 870 927 libero
891 902 1038 943 eampo
1059 896 1238 943 possent.

103 714 156 755 ad
186 725 356 770 portam.

418 599 536 640 Idem
552 599 760 640 redditum
777 600 827 640 ab
849 599 1011 641 Nicone
1029 601 1215 656 signum:
1250 603 1477 643 exstinctae

887 656 1099 699 Hannibal
1121 659 1284 699 silentio
1301 659 1479 700 ducebat

101 942 288 983 lemenus
308 942 494 998 portulae
516 951 630 998 parte
652 943 743 991 alia,
766 959 847 999 qua
868 959 1099 985 commeare
1121 954 1313 995 assuerat,
1331 961 1477 1002 appro-

100 1000 338 1055 pinquabat.

402 999 517 1040 Nota.
542 1015 623 1040 vox
650 1000 737 1041 eius
765 1009 807 1041 et
833 1001 1030 1042 familiare
1059 1002 1140 1042 iam
1162 1003 1325 1058 signum
1347 1019 1476 1059 quum

100 1057 317 1098 excitasset
334 1057 512 1112 vigilem,
528 1057 696 1105 dicenti,
714 1057 784 1098 vix
797 1058 997 1099 sustinere
1011 1059 1177 1114 grandis
1191 1061 1344 1101 bestiae
1359 1076 1474 1110 onus,

99 1114 263 1169 portula
293 1115 485 1170 aperitur.
548 1114 778 1155 Infercntes
808 1130 952 1170 aprum
983 1115 1086 1156 duos
1117 1116 1285 1157 iuvenes
1313 1126 1476 1158 secutus

100 1171 187 1226 ipse
223 1187 317 1212 eum
352 1172 547 1226 expedito
579 1180 788 1220 venatore,
820 1172 1000 1227 vigilem,
1034 1173 1238 1214 incautius
1279 1175 1475 1215 miraculo

100 1228 398 1283 magnitudinis
419 1228 462 1267 in
482 1243 563 1276 eos,
586 1228 659 1283 qui
680 1228 878 1277 ferebant,
896 1244 1069 1279 versum,
1087 1230 1290 1271 venabulo
1313 1232 1472 1273 traiicit.

101 1284 280 1339 Ingressi
302 1285 454 1325 deinde
484 1285 651 1340 triginta
671 1285 755 1325 fere
783 1286 940 1335 armati,
963 1296 1120 1327 ceteros
1141 1287 1283 1343 vigiles
1305 1289 1475 1329 obtrun-

101 1350 210 1390 cant,
232 1342 545 1397 refringuntque
562 1351 722 1397 portam
739 1343 991 1397 proximam:
1025 1352 1067 1385 et
1088 1359 1237 1400 agmen
1258 1346 1333 1386 sub
1348 1346 1474 1401 signis

101 1399 318 1440 confestim
334 1399 491 1455 irrupit.
553 1399 658 1440 Inde
679 1414 775 1439 cum
796 1399 960 1441 silentio
985 1400 1028 1440 in
1050 1400 1183 1442 forum
1204 1402 1331 1451 ducti,
1355 1402 1474 1443 Han-

101 1456 228 1496 nibali
249 1472 336 1497 sese
358 1465 674 1497 coniunxerunt.

740 1456 851 1497 Cum
872 1457 1032 1497 duobus
1053 1458 1234 1499 millibus
1258 1459 1474 1501 Gallorum

101 1513 281 1563 Poenus,
310 1514 353 1553 in
382 1523 463 1554 tres
483 1513 622 1553 divisis
648 1523 797 1569 parteS,
819 1528 894 1569 per
917 1515 1061 1555 urbem
1082 1515 1256 1556 dimittit
1281 1516 1474 1558 Tarenti-

99 1585 187 1619 nos,
219 1579 261 1611 et
290 1570 439 1611 itinera
473 1585 598 1624 quam
628 1570 807 1610 maxime
837 1570 1071 1626 frequentia
1101 1587 1302 1628 occupare
1333 1574 1470 1615 iubet:

100 1627 284 1668 tumultu
329 1635 431 1676 orto,
475 1627 687 1668 Romanos
726 1628 877 1683 passim
916 1628 1047 1677 caedi,
1088 1630 1307 1685 oppidanis
1346 1632 1470 1687 parci.

68 1683 200 1734 8Sed,
226 1693 272 1725 ut
300 1684 390 1725 fieri
419 1683 463 1724 id
487 1692 636 1740 posset,
662 1684 863 1740 praecipit
893 1685 1110 1727 iuvenibus
1136 1687 1386 1738 Tarentinis,
1414 1697 1471 1738 ut,

98 1741 170 1782 ubi
200 1755 324 1797 quem
355 1756 522 1782 suorum
547 1741 691 1796 procul
717 1741 928 1792 vidissent,
959 1743 1170 1798 quiescere
1198 1753 1239 1786 et
1267 1745 1399 1796 silere,
1425 1761 1471 1787 ac

97 1798 207 1839 bono
228 1798 366 1839 animo
386 1813 474 1839 esse
501 1798 702 1840 iuberent.

765 1798 854 1840 Iam
882 1800 1084 1841 tumultus
1105 1810 1192 1843 erat
1218 1802 1469 1859 clamorque,

98 1855 232 1910 qualis
258 1870 346 1896 esse
374 1855 419 1896 in
443 1864 564 1911 capta
589 1857 690 1897 urbe
718 1855 843 1897 solet:
876 1857 962 1906 sed,
985 1857 1088 1913 quid
1114 1859 1174 1900 rei
1196 1868 1314 1909 esset,
1347 1875 1471 1902 nemo

97 1912 194 1953 satis
213 1927 288 1968 pro
310 1922 422 1954 certo
450 1914 563 1954 scire.

627 1913 845 1954 Tarentini
875 1914 1087 1956 Romanos
1115 1916 1168 1957 ad
1194 1916 1468 1973 diripiendam

97 1969 243 2010 urbem
264 1969 431 2011 credere
453 1979 634 2012 coortos:
670 1970 870 2011 Romanis
890 1971 1038 2013 seditio
1058 1972 1197 2029 aliqua
1217 1989 1312 2015 cum
1328 1975 1470 2016 fraude

67 2026 229 2075 9videri
269 2027 320 2068 ab
360 2027 578 2083 oppidanis
617 2036 740 2068 mota.

802 2027 1052 2079 Praefectus,
1094 2031 1227 2086 primo
1269 2032 1470 2072 excitatus

99 2083 294 2134 tumultu,
312 2084 356 2125 in
372 2093 538 2140 portum
554 2085 717 2140 effugit:
750 2084 861 2134 inde,
879 2095 1070 2142 acceptus
1090 2088 1252 2143 scapha,
1270 2089 1313 2129 in
1333 2104 1469 2130 arcem

100 2237 179 2267 visse
208 2239 285 2268 dicit
314 2238 464 2277 κνέφατος
493 2239 560 2278 ἄρτι
588 2239 763 2278 γενομένου,

99 2280 184 2318 quod
207 2280 335 2319 quidem
361 2281 513 2319 potuisset
538 2282 628 2318 verti,
650 2283 764 2321 primis

99 2322 336 2352 intendentibus
350 2334 382 2353 se
398 2325 541 2354 tenebris.
565 2324 670 2354 CREV.

145 2371 161 2402 7
184 2365 237 2393 Ea
258 2365 489 2395 mediterranea
511 2388 519 2396 .
536 2389 543 2396 .
560 2388 568 2396 .
584 2388 592 2396 .
616 2367 762 2405 aliquan-

99 2406 182 2443 tum]
202 2406 307 2435 Locus
319 2410 492 2445 corruptus.
523 2407 677 2446 Polybius
691 2418 763 2438 auc-

99 2451 149 2478 tor
171 2452 229 2485 est,
253 2448 294 2477 ad
319 2458 389 2478 eam
413 2452 537 2487 portam
560 2449 600 2478 de
626 2460 689 2487 qua
711 2449 763 2479 hie

98 2489 213 2529 agitur,
239 2489 322 2519 intra
347 2490 473 2520 moenia
501 2490 596 2520 fuisse
618 2491 763 2530 sepulcra

100 2531 357 2568 Tarentinorum,
377 2532 418 2561 ad
441 2542 522 2570 quae
548 2532 633 2562 Nico
656 2533 764 2563 sedere

99 2574 235 2604 debebat
249 2574 467 2604 Hannibalem
483 2578 681 2613 exspectans.
712 2575 764 2604 De

98 2616 137 2646 iis
166 2616 320 2655 sepulcris
348 2616 400 2646 hie
429 2616 624 2646 mentionem
654 2616 764 2647 fecisse

100 2658 240 2695 Livium,
269 2657 474 2697 probabiliter
502 2658 631 2688 omnino
664 2659 762 2698 suspi-

100 2704 212 2731 cantur
223 2700 369 2740 Sigonius
383 2704 414 2731 et
429 2704 561 2739 uterque
572 2700 763 2739 Gronovius,

100 2742 155 2782 qui
184 2742 267 2773 varie
297 2743 382 2772 hunc
416 2743 523 2773 locum
559 2743 764 2774 refluxerunt.

100 2784 193 2816 Nihil
212 2784 327 2815 melius
343 2785 478 2823 videtur,
493 2795 590 2824 quam
611 2786 636 2816 si
658 2786 763 2825 legas:

157 2840 255 2867 VOL.
279 2840 323 2867 Π.

807 2241 859 2270 Εα
888 2241 1119 2272 mediterranea
1155 2244 1281 2281 reyione
1312 2244 1471 2275 Orientem

806 2287 937 2320 spectat,
957 2285 999 2313 ad
1020 2285 1110 2314 busta
1132 2295 1214 2324 quae
1235 2287 1324 2315 intra
1348 2288 1470 2317 moenia

807 2325 1029 2356 includuntur.
1052 2327 1157 2357 Ciu-zv.

853 2367 872 2396 8
898 2368 1095 2406 Tarentinis]
1143 2369 1292 2408 Intellige
1315 2371 1468 2408 quosdam

807 2418 846 2438 ex
870 2409 1050 2447 coniuratis,
1066 2415 1101 2440 ut
1117 2411 1240 2441 disertis
1256 2412 1356 2442 verbis
1376 2413 1469 2443 docet

808 2450 970 2490 Polybius.
993 2452 1098 2482 Cnnv.

848 2502 867 2531 9
890 2494 1091 2531 Praefectus,
1109 2495 1214 2533 primo
1239 2497 1394 2526 excitatus
1419 2501 1468 2527 tu-

806 2535 925 2571 multu]
949 2536 1000 2565 ssl.
1012 2537 1136 2572 Livius,
1154 2540 1189 2565 ut
1212 2546 1295 2576 supr.
1317 2538 1401 2569 xxiv.
1419 2549 1468 2570 20.

807 2575 930 2614 legitur.
980 2577 1041 2607 Sed
1066 2578 1179 2617 Polyb.
1204 2578 1236 2608 in
1263 2581 1470 2618 praenomine

808 2618 963 2655 dissentit,
979 2629 1115 2658 eumque
1131 2621 1274 2659 appellat
1287 2623 1320 2652 C.
1331 2623 1468 2654 Livium.

808 2660 900 2690 Idem
919 2666 1024 2691 narrat
1045 2672 1118 2692 eum
1140 2662 1286 2693 hesterno
1303 2670 1468 2703 gravatum

807 2712 894 2749 mero
923 2706 992 2733 tum
1022 2704 1160 2735 maxime
1185 2707 1350 2745 crapulam
1380 2709 1469 2739 edor-

808 2754 910 2777 misse.

1217 2845 1244 2871 R

1150 773 1362 814 llannlbal
1383 788 1477 815 culn
1492 785 1665 815 Tarentum

1420 841 1463 872 ut
1491 827 1663 864 ingreditur

1303 888 1357 929 Et
1378 863 1477 929 Phij
1493 870 1666 901 Hannibal.

1550 1807 1612 1846 10.
