1809 3178
488 112 609 153 LIB.
643 111 789 152 XXII.
835 113 979 153 (tAP.

102 201 345 242 ‘rationem’
365 201 553 241 diceret‘
569 200 820 241 rweddtndtm
853 216 950 241 0550.

100 258 284 313 ‘imperii
316 258 557 313 consiliique
598 258 661 306 sit,
693 258 933 312 propediem
970 260 1228 307 effecturum,
1264 267 1307 297 ut
1337 259 1466 300 sciant

102 315 324 363 ιΙ1()ιιιὶιι(5,
347 316 485 355 bono
478 330 618 370 impii
609 313 711 354 atori
739 315 780 354 11ι
782 315 850 354 md
880 330 932 354 ma
935 317 1017 369 lgni
1040 316 1190 355 forztun
1193 330 1244 354 nn
1268 317 1465 356 momtnti

72 389 82 409 1
101 378 233 413 ‘essez
268 382 449 413 mentem
479 372 760 426 rationemque
789 371 1003 413 dominari.
1069 372 1120 413 Se
1151 373 1193 412 in
1222 380 1404 426 tempore
1427 382 1467 412 ct

1014 118 1078 154 26.

102 429 212 470 ‘sine
236 429 461 484 ignominia
481 444 657 470 servasse
674 429 914 478 exercitum,
932 445 1055 485 quam
1078 429 1207 469 multa
1227 428 1356 469 millia
1375 428 1469 469 hos-

101 486 228 527 ‘tium
262 487 469 535 occidisse,
506 486 700 526 maiorem
736 485 907 541 gloriam
944 487 1056 527 esse.’
1132 486 1268 526 Huius
1307 487 1467 541 generis

100 544 350 584 orationibus
389 544 537 583 frustra
575 543 736 592 habitis,
778 552 819 583 et
859 543 1025 585 consule
1066 552 1202 584 creato
1244 542 1304 583 M.
1336 543 1467 583 Atilio

101 601 276 655 Regulo,
295 616 347 641 ne
369 615 559 656 praesens
575 600 626 640 de
648 601 734 640 iure
758 600 917 656 imperii
940 601 1166 649 dimicaret,
1189 600 1320 656 pridie
1343 615 1466 655 quam

99 658 320 713 rogationis
340 658 532 698 ferendae
561 657 647 697 dies
675 657 846 706 adesset,
870 667 990 698 noete
1016 658 1068 699 ad
1096 658 1325 698 exercitum
1355 657 1465 697 abiit.

101 715 215 756 Luce
238 724 337 763 orta,
355 730 484 770 quum
501 714 631 770 plebis
652 714 872 755 concilium
889 715 1154 770 esset‚1na‹ris
1172 715 1294 755 tacita
1315 714 1469 754 invidia.

99 772 308 813 dictatoris
328 772 355 811 f
346 787 392 811 n
395 787 522 826 (nque
544 772 930 827 111a‹rist1iequitu1n
952 772 1109 813 animos
1130 773 1326 820 versabat,
1344 786 1467 826 quam

100 830 195 870 satis
215 829 421 870 audebant
450 829 638 869 homines
666 828 717 869 ad
745 829 1016 878 suadendum,
1042 829 1155 885 quod
1181 829 1306 883 vulgo
1333 829 1388 884 pl
1389 844 1469 869 iee-

70 887 180 935 2bat,
212 886 398 941 p1··otliie:
433 895 486 931 et,
518 887 582 926 ιιι
585 901 653 926 ore
679 895 910 942 superante,
934 887 1153 928 auctoritas
1184 895 1322 926 tamen
1352 901 1469 950 roga-

102 943 202 984 tioni
223 943 374 984 deerat
438 943 559 983 Unus
580 944 771 984 inventus
791 952 853 984 est
881 959 1020 984 suasm
1046 944 1148 999 legis
1179 943 1227 984 C.
1248 943 1468 984 Terentius

100 1000 243 1049 Varro,
276 1001 347 1056 qui
377 1001 511 1056 prime
553 1016 662 1041 anno
701 1009 864 1056 praetor
901 1001 1045 1050 fuerat,
1078 1001 1168 1042 loco
1207 1016 1292 1041 non
1322 1000 1468 1041 humili

99 1057 244 1106 solum,
276 1057 348 1098 sed
378 1058 502 1098 etiam
543 1058 718 1107 sordido,
751 1067 874 1099 ortus.
955 1058 1120 1099 Patrem
1152 1057 1316 1098 Ianium
1345 1057 1467 1098 fuisse

69 1127 86 1156 3
100 1114 249 1163 ferunt,
268 1115 402 1170 ipsum
424 1115 651 1156 institorem
673 1115 830 1164 mercis,
849 1115 1017 1170 filioque
1039 1115 1143 1156 1100
1135 1131 1222 1170 ipso
1244 1115 1287 1155 in
1309 1114 1468 1155 servilia

102 1171 190 1213 eius
221 1172 318 1212 artis
348 1172 574 1212 ministelia
605 1187 735 1212 usum.
798 1172 838 1212 Is
870 1172 1134 1221 1uve11is‚ubi
1164 1187 1215 1212 ex
1247 1187 1295 1212 eo
1316 1187 1466 1227 ‘renero

70 1245 170 1301 4‘qu
160 1239 294 1269 aestus
313 1229 477 1283 pecuniz
468 1245 491 1269 ιι
511 1244 534 1268 ιι
554 1238 666 1283 patre
685 1228 826 1269 relicta
842 1229 999 1269 animos
1020 1229 1072 1269 ad
1093 1244 1207 1284 spem
1229 1228 1468 1268 liberalioris

70 1275 248 1344 fortun
242 1301 287 1326 10
329 1286 438 1333 fecit,
472 1294 648 1340 motaque
685 1294 725 1326 et
766 1286 827 1325 fol
831 1301 898 1326 um
940 1286 992 1341 pl
985 1301 1144 1334 reuere,
1175 1285 1468 1340 proclamando

71 1323 175 1398 opro
205 1341 379 1383 soulidis
409 1342 644 1383 hominibus
674 1343 887 1406 causisque
919 1343 1111 1383 adversus
1141 1358 1227 1383 rem
1258 1352 1299 1383 et
1319 1342 1468 1382 famam

101 1401 318 1448 bonorum,
350 1400 529 1454 primum
560 1400 603 1439 in
632 1400 822 1440 notitiam
852 1400 1006 1455 populi,
1029 1399 1180 1440 deinde
1212 1399 1264 1440 ad
1294 1399 1470 1439 honores

101 1472 199 1512 perv
203 1457 302 1497 enit.
367 1456 598 1504 Quaestura
625 1472 791 1512 quoque
817 1466 859 1497 et
883 1457 1042 1497 duabus
1066 1456 1354 1504 aedilitatibus,
1382 1455 1471 1511 ple-

101 1514 195 1555 beia
215 1524 256 1554 et
276 1514 420 1563 curuli,
443 1522 647 1569 postremo
669 1523 710 1553 et
730 1520 921 1569 praetura
936 1513 1214 1569 perfunctus,
1206 1528 1285 1553 lam
1300 1512 1353 1553 ad
1373 1527 1471 1553 eon—

102 1571 256 1611 sulatus
286 1586 399 1626 spem
431 1586 560 1626 quum
590 1570 794 1611 attolleret
824 1571 993 1619 animos,
1016 1570 1129 1610 haud
1158 1585 1303 1625 parum
1324 1569 1469 1611 callide

72 1635 243 1669 6auram
263 1628 327 1668 sav
331 1643 410 1668 oris
430 1627 636 1683 populalis
657 1643 709 1668 ex
730 1627 974 1668 dictatoria
965 1627 1121 1668 invidia
1140 1628 1272 1692 petiit,
1295 1627 1469 1682 scitique

103 1685 232 1741 plebis
253 1700 359 1725 unus
379 1685 551 1741 oratiam
572 1684 677 1725 tulit.
732 1685 889 1726 Omnes
911 1700 1001 1726 eam
1022 1685 1291 1740 logationem,
1315 1684 1470 1740 quique

105 1742 277 1791 Romae,
301 1743 455 1798 quique
478 1742 521 1782 in
542 1742 726 1783 exercitu
747 1751 876 1791 erant,
899 1742 1020 1797 aequi
1042 1751 1165 1797 atque
1187 1742 1333 1797 iniqui,
1354 1756 1472 1797 prae-

103 1808 166 1840 ter
181 1799 315 1855 ipsum
333 1799 613 1849 dictatorem,
603 1815 646 1839 in
660 1799 953 1840 contumeliam
970 1799 1057 1840 eius
1073 1799 1196 1840 latam
1211 1807 1468 1854 aeceperunt.

104 1856 218 1922 Ipmse,
235 1873 369 1913 qua
345 1873 440 1898 ‘risu
444 1866 541 1898 itate
570 1857 696 1897 animi
724 1857 988 1898 eliminantes
1015 1872 1056 1897 se
1082 1856 1134 1898 ad
1163 1856 1473 1897 multitudinem

103 1914 292 1955 inimicos
320 1891 480 1964 tulerat,
503 1914 648 1955 eadem
676 1923 718 1955 et
745 1914 917 1970 populi
908 1930 952 1954 m
972 1930 1014 1955 se
1043 1914 1261 1955 saevientis
1281 1913 1475 1953 iniuriam

78 1971 220 2013 7tulit:
253 1972 514 2028 acceptisque
535 1972 580 2012 in
599 1972 688 2027 ipso
704 1971 850 2012 itinere
871 1971 998 2012 literis
1015 1980 1264 2027 senatusque
1286 1970 1473 2012 consulto

814 2131 927 2168 Varro,
956 2131 988 2161 in
1021 2130 1129 2161 tunica
1165 2129 1354 2161 incedebat:

813 2177 868 2203 aut
890 2183 1065 2213 nunquam,
1091 2177 1145 2203 aut
1165 2183 1290 2212 perraro
1316 2172 1475 2205 utebatur,

152 2142 163 2162 1
189 2133 232 2162 In
246 2134 398 2172 tempore]
423 2133 443 2163 i.
459 2143 486 2163 e.
502 2132 754 2171 Peropportuno.

149 2184 165 2204 ‘z
190 2176 312 2206 Favere
330 2179 513 2214 superante,
533 2176 706 2205 auclorz'las
724 2179 768 2204 m-

1417 117 1468 155 57

1015 202 1057 241 Si
1087 216 1212 256 penes
1240 217 1281 241 se
1311 211 1524 242 5ιιιιι1ιιιιῐῖ.
1542 212 1578 241 (2
1602 220 1671 249 535-

1393 2132 1476 2169 toga,

106 2219 193 2255 rnen]
212 2217 368 2252 Quamvis
379 2218 467 2247 favor
478 2222 557 2247 esset
570 2217 769 2253 immodicus,

107 2259 251 2298 quamvis
260 2260 399 2290 faverent
410 2260 553 2299 impense
567 2264 597 2289 et
610 2260 692 2289 ultra
704 2269 769 2289 mo-

108 2302 184 2331 dum
200 2302 353 2341 rogationi
368 2302 524 2339 homines,
539 2303 646 2332 deerat
662 2306 770 2331 tamen

109 2343 162 2381 qui
178 2354 210 2373 se
225 2348 386 2374 auctorem
405 2354 626 2383 suasoremque
641 2344 669 2374 ei
685 2354 770 2383 roga-

109 2385 187 2415 tioni
205 2387 376 2423 praeberet.
401 2387 504 2417 CssEv.

155 2437 171 2466 3
188 2429 367 2458 Institorem
382 2430 507 2466 mercis]
527 2428 692 2458 Institores
704 2429 769 2467 ple-

110 2479 244 2507 rumque
266 2469 345 2498 servi
364 2474 451 2499 erant
474 2474 529 2499 aut
553 2470 701 2507 libertini,
717 2469 770 2508 qni

112 2511 232 2541 domini
259 2512 308 2540 vel
336 2511 459 2549 patroni
483 2512 610 2541 nomine
637 2512 771 2551 singula-

112 2553 169 2583 tim
186 2563 306 2583 merces
321 2553 353 2582 in
369 2553 506 2585 tabernis
518 2554 706 2587 vendebant,
719 2557 773 2583 aut

112 2595 209 2626 etiam
245 2595 383 2625 ostiatim
414 2596 541 2626 venales
577 2596 773 2625 circumfere-

113 2639 209 2674 bant;
231 2637 390 2667 interdum
418 2647 543 2676 quoque
570 2637 696 2676 ingenui
720 2638 773 2666 sed

113 2681 153 2710 de
168 2681 255 2710 faece
272 2679 384 2718 plebis,
401 2680 519 2718 quippe
536 2690 633 2718 quum
648 2679 708 2708 hoe
724 2689 773 2718 ge-

113 2733 173 2752 nus
196 2726 391 2752 mercaturae
415 2721 483 2752 cive
507 2722 654 2752 Romano
676 2721 774 2760 indig-

114 2765 185 2794 nius
200 2765 376 2795 haberetur.
407 2765 445 2794 cf.
464 2765 533 2794 Iuv.
551 2764 615 2794 Sat.
630 2763 680 2793 vii.
695 2773 763 2793 221.

158 2818 177 2845 4
203 2808 364 2846 Toyaqzce]
392 2807 516 2845 Vulgus
533 2806 617 2836 enim
635 2810 665 2836 et
682 2806 776 2835 sordi—

813 2217 918 2247 szv.

857 2269 873 2297 5
898 2258 1145 2294 Proclamamlo]
1173 2257 1373 2288 Rabularum
1389 2266 1476 2286 more

814 2301 1013 2331 vociferando
1037 2304 1067 2330 et
1091 2300 1172 2330 altos
1196 2301 1348 2329 clamores
1362 2300 1476 2328 tollen-

815 2344 875 2379 do;
897 2344 982 2373 unde
1001 2344 1259 2382 proclamatorem
1282 2352 1333 2380 ap.
1352 2341 1419 2371 Cic.
1437 2341 1476 2370 de

816 2386 870 2416 Or.
889 2386 907 2416 i.
925 2384 973 2423 46.
992 2395 1047 2424 pro
1063 2385 1173 2414 rabula
1185 2385 1347 2413 habemus.
1366 2383 1477 2412 DOER.

856 2426 875 2458 6
898 2429 1037 2466 Seitiqzee
1060 2428 1176 2465 plebis]
1210 2426 1292 2456 Cum
1318 2425 1403 2454 solus
1428 2424 1475 2454 fu-

814 2469 887 2499 isset
906 2480 1012 2499 suasor
1033 2468 1120 2507 legis‚
1136 2468 1230 2497 etiam
1255 2468 1339 2497 solus
1362 2466 1478 2506 plebis-

818 2511 880 2541 cito
895 2512 979 2541 facto
995 2511 1062 2540 eius
1076 2510 1120 2539 rei
1139 2510 1270 2548 gratiam
1287 2509 1371 2539 tulit.
1395 2509 1476 2539 Ras-

817 2562 906 2583 cmo.

862 2602 878 2633 7
901 2595 1016 2625 Literis
1036 2598 1224 2633 senatusque
1246 2595 1400 2632 consulto]
1426 2594 1478 2624 Ita

819 2637 957 2667 Gronov.
989 2635 1121 2666 coniecit
1152 2646 1207 2675 pro
1237 2636 1320 2676 vulg.
1350 2641 1479 2667 senatus

818 2680 960 2709 consulti.
1005 2677 1164 2709 Strothius
1184 2682 1290 2708 autem
1311 2679 1411 2709 literis
1433 2689 1478 2709 se-

819 2726 914 2751 natus
929 2720 1043 2750 scribit.
1082 2720 1197 2759 Neque
1212 2721 1325 2751 mirere
1340 2724 1479 2751 senatus-

820 2763 956 2793 consulti
985 2763 1178 2793 mentionem
1208 2763 1274 2792 fieri
1305 2763 1337 2793 in
1365 2773 1398 2793 re
1425 2773 1481 2802 per

823 2806 949 2844 plebem
965 2809 1130 2836 transacta.
1175 2806 1286 2840 Quum
1305 2805 1389 2835 enim
1410 2809 1482 2844 post

117 2850 175 2879 (lus
188 2850 346 2888 popellus,
359 2859 422 2888 quo
437 2860 475 2879 ex
491 2859 604 2888 genere
616 2852 702 2879 ortus
714 2853 777 2879 erat
823 2848 906 2888 leges
931 2848 1098 2878 Horatiam
1125 2851 1155 2878 et
1184 2848 1389 2879 Hortensiam
1416 2848 1481 2886 ple—

1481 255 1578 284 Λ.(“.
1606 262 1670 291 217.

1483 498 1527 526 M.
1544 498 1659 527 Atilius

1480 541 1628 569 sulii-etus·

1481 583 1552 612 (jos.

1482 954 1518 984 (“.
1535 953 1651 984 Teren-

1481 995 1542 1026 tius
1559 997 1586 1026 V
1591 1007 1670 1026 arro.

1544 1186 1608 1224 26.

1484 1693 1648 1732 Aequatur

1484 1735 1629 1765 dictatori

1485 1779 1570 1817 Mag.
1580 1776 1677 1816 Equi-

1484 1825 1563 1851 tum.
