1871 3178
486 76 608 116 Llss.
646 75 816 116 XXIX.
864 76 949 116 CA
966 75 1008 116 1³.
1045 80 1109 115 26.

110 222 301 262 venirent
328 222 381 262 ad
413 222 585 277 imperia
614 222 867 277 accipienda.
932 222 1159 276 Postquam
1192 232 1491 272 convenerunt,

108 278 290 342 primum
319 279 370 319 ab
396 279 444 319 iis
465 279 680 333 quaesivit,
703 279 735 318 si
766 293 917 333 aquam
946 279 1184 318 hominibus
1211 278 1491 335 iumentisque

108 349 152 374 111
185 335 359 376 totidem
391 335 492 384 dies,
516 345 618 390 quot
646 335 914 383 frumentum,
942 335 1246 390 imposuissent.

107 391 379 446 spondcrunt,
422 407 572 447 aquam
613 392 776 432 dicrum
818 392 1006 446 quinque
1050 400 1093 431 et
1133 391 1407 447 quadraginta
1449 393 1491 432 in

76 448 281 490 3navibus
317 463 431 496 esse3
478 457 566 488 tuin
602 448 734 489 edixit
774 447 988 496 militibus,
1026 456 1072 488 ut
1112 448 1324 488 silentium
1360 449 1492 504 quieti

107 504 244 545 nautis
269 505 357 556 sinc
383 505 608 545 certamine
634 504 687 544 ad
715 504 944 544 ministeria
970 504 1239 559 exsequenda
1265 505 1372 545 bene
1395 505 1492 546 obe-

75 576 93 603 4
107 561 270 601 dientes
291 570 558 616 praestarent.

1412 79 1493 118 487

79 172 301 220 2torcsquc
328 174 370 205 et
395 166 578 220 magistri
605 166 771 206 naviuin
802 174 844 205 et
872 165 958 206 bini
987 165 1139 205 milites
1167 165 1210 205 in
1234 166 1368 206 sorum
1395 181 1494 207 con-

1311 335 1395 375 Ubi
1428 352 1493 376 re-

1510 179 1551 211 U.
1569 180 1607 211 (3.
1631 182 1703 220 548.

1507 223 1545 254 A.
1570 224 1608 254 C.
1631 232 1702 262 204.

624 561 735 601 Cum
757 561 904 616 viginti
926 561 1108 601 rostratis
1129 576 1171 601 se
1193 576 1240 602 ac
1262 561 1310 602 L.
1333 562 1493 618 Scipio-
1506 571 1593 601 Ordo
1609 572 1687 602 clas-

106 632 203 658 nem
225 618 276 658 ab
297 617 446 658 dextro
467 633 610 666 cornu,
634 617 809 665 laevum,
833 617 1008 657 totidem
1030 625 1234 667 rostratas,
1252 626 1294 658 ct
1318 618 1367 658 C.
1386 618 1492 659 Lae—
1505 614 1554 644 sis.

106 674 209 715 lium
231 675 485 730 praefectum
508 674 646 714 elassis
667 688 761 714 cum
786 673 847 714 M.
864 673 1014 714 Porcio
1039 674 1202 715 Catone
1224 675 1240 724 (
1245 683 1438 730 quaestor
1459 676 1492 716 is

106 739 196 771 tum
218 731 325 786 erat)
346 731 543 771 onerariis
564 731 749 770 futurum
770 730 989 785 praesidio.
1047 726 1240 772 Lumina*
1253 732 1296 771 in
1318 732 1492 773 navibus

105 788 269 843 singula
303 796 511 835 rostratae,
548 787 647 827 bina
682 787 894 827 onerariae
931 787 1158 828 haberent:
1207 788 1251 828 in
1287 789 1493 843 praetoria

75 857 92 889 5
107 859 210 885 nave
232 844 393 899 insigne
414 852 666 885 nocturnum
689 844 813 884 trium
835 843 1041 884 luminum
1062 844 1160 885 fore.
1226 844 1425 900 Emporia
1446 854 1492 886 ut

105 909 310 957 peterent,
331 901 680 956 gubernatoribus
701 900 844 941 edixit.
908 900 1200 941 Fertilissimus
1222 917 1331 956 ager,
1355 918 1489 958 coque

105 958 323 999 abundans
343 958 531 998 onmium
553 958 673 1013 copia
693 972 830 998 rerum
853 966 915 997 est
935 957 1061 1011 regio,
1085 967 1127 998 et
1147 958 1335 999 imbelles
1355 958 1491 1014 (quod

104 1014 352 1070 plerumque
384 1015 427 1054 in
459 1014 576 1055 uberi
607 1029 705 1069 agro
736 1014 897 1068 evenit)
924 1014 1085 1054 barbari
1117 1023 1239 1055 sunt:
1278 1016 1490 1071 priusque,

138 1086 231 1112 uam
257 1071 513 1126 Carthagine
542 1071 844 1119 subveniretur,
872 1071 1051 1126 opprimi
1079 1071 1328 1112 videbantur
1356 1087 1489 1128 posse.

106 1087 164 1169 (llis
194 1128 317 1168 editis
347 1128 543 1183 imperiis,
573 1128 707 1168 redire
740 1127 792 1168 ad
825 1142 951 1167 naves
984 1127 1107 1168 iussi:
1142 1137 1184 1169 et
1215 1137 1378 1184 postero
1407 1129 1490 1179 die,

107 1185 196 1226 deis
216 1186 323 1226 bene
346 1185 596 1233 iuvantibus,
619 1185 737 1238 signo
758 1183 856 1224 dato
879 1183 1036 1224 solvere
1058 1199 1195 1225 naves.

164 1241 328 1282 Multae
357 1241 504 1282 classes
527 1238 742 1281 Romanae
770 1255 792 1281 e
824 1240 965 1281 Sicilia
992 1249 1118 1295 atque
1147 1241 1235 1296 ipso
1266 1241 1337 1282 illo
1367 1250 1489 1297 portu

106 1299 315 1354 profectae
348 1306 477 1338 crant.

107 1355 286 1403 mirum3
329 1354 574 1410 praedatum
609 1354 722 1395 enim
743 1354 1048 1394 ‘tantummodo
1083 1355 1306 1410 pleraeque
1344 1355 1491 1396 classes

106 1411 261 1467 ierant)
281 1412 354 1452 sed
374 1427 428 1452 nc
451 1412 587 1466 priore
609 1411 793 1466 quidem,
817 1410 900 1450 ulla
920 1411 1119 1465 profectio
1142 1413 1246 1452 tanti
1266 1411 1492 1468 spectaculi

106 1469 212 1517 fuit3
239 1483 479 1524 quanquam
502 1468 535 1508 si
556 1467 844 1522 magnitudine
866 1467 1004 1508 elassis
1025 1469 1324 1518 aestimaretur,
1342 1478 1384 1510 et
1403 1469 1492 1509 bini

76 1526 298 1566 6eonsules
325 1540 422 1565 cum
454 1525 563 1565 binis
596 1525 846 1565 exercitibus
874 1532 970 1565 ante
1001 1525 1260 1575 traiecerant,
1287 1535 1330 1566 et
1361 1541 1490 1581 prope

108 1583 284 1623 totidem
315 1590 512 1622 rostratae
543 1582 588 1621 in
618 1581 697 1621 illis
728 1580 924 1621 classibus
951 1581 1130 1630 fuerant,
1161 1591 1265 1637 quot
1295 1582 1493 1623 onerariis

111 1639 251 1695 Scipio
283 1647 370 1679 tum
404 1638 644 1679 traiiciebat.
707 1637 833 1686 Nam,
855 1645 1019 1692 praeter
1046 1638 1322 1693 quadraginta
1349 1638 1495 1694 longas

108 1711 247 1745 naves,
269 1695 586 1750 quadringentis
610 1694 739 1735 ferme
768 1694 966 1735 onerariis
993 1695 1222 1736 exercitum
1253 1696 1492 1736 transvexit.

81 1764 97 1797 7
112 1752 197 1794 Sed
217 1761 260 1793 et
279 1752 436 1792 bellum
458 1751 580 1800 bello,
602 1751 834 1792 secundum
855 1750 1006 1806 priore,
1024 1760 1070 1792 ut
1091 1752 1270 1793 atrocius
1293 1752 1496 1793 Romanis

107 1809 332 1858 videretur,
366 1823 497 1864 quum
529 1808 644 1863 quod
676 1808 720 1848 in
754 1807 874 1848 Italia
905 1807 1149 1858 bellabatur,
1184 1818 1274 1850 tum
1303 1809 1496 1865 ingentes

108 1874 263 1922 strages
284 1873 346 1907 tot
365 1865 640 1915 exercituum,
663 1864 787 1905 simul
807 1864 935 1905 caesis
957 1864 1146 1916 ducibus,
1169 1866 1419 1907 effecerant:
1453 1874 1497 1908 et

155 2006 171 2027 ‘z
195 1997 352 2036 Blaglz'stri
382 1996 531 2036 navium]
570 1996 780 2035 Intelligendi
824 2000 882 2033 est,
904 1997 989 2035 quod
1012 1996 1143 2035 quidem
1169 2007 1266 2027 cornu
1290 1997 1425 2028 totidem
1449 2007 1495 2028 ro-

112 2038 261 2069 videntur
284 2038 436 2076 magistri,
462 2039 528 2068 sire
554 2039 707 2077 praefecti
732 2048 778 2067 so-

113 2081 233 2111 ciorum
257 2080 434 2116 navalium,
452 2081 492 2110 de
511 2080 625 2118 quibus
648 2080 781 2110 mentio-

113 2133 186 2153 nem
202 2122 279 2152 faeit
296 2122 406 2152 Livius
420 2122 490 2152 infr.
508 2122 585 2152 xliii.
603 2123 631 2151 8.
655 2122 760 2152 Ciues.

156 2173 173 2203 3
202 2166 244 2195 Ut
259 2165 437 2202 silenlinm]
465 2164 513 2194 Ut
529 2163 627 2202 quieti
643 2174 680 2193 ac
699 2165 778 2193 bene

113 2206 298 2237 obedientes
334 2206 398 2236 suis
434 2206 580 2242 ducibus,
616 2205 777 2235 silentium

114 2251 311 2287 praestarent
327 2248 432 2278 nautis
453 2248 493 2277 ad
514 2248 690 2277 ministeria
705 2258 781 2277 nau-

114 2291 179 2320 tica
211 2290 426 2328 exsequenda,
463 2290 659 2319 abstinentes
695 2289 782 2318 omni

115 2332 289 2362 certamine
311 2332 462 2361 adversus
485 2342 549 2367 ους,
569 2332 623 2361 sed
647 2331 786 2361 sinentes

116 2384 170 2404 eos
192 2373 259 2403 sine
282 2374 425 2403 tumultu
451 2373 485 2403 id
511 2383 603 2412 agere
629 2374 714 2412 quod
738 2373 785 2402 sui

117 2415 211 2446 officii
227 2419 318 2446 esset.
342 2416 448 2446 (ἴω-Ν.

162 2468 181 2494 4
205 2458 282 2487 Cum
305 2458 420 2496 υἰμὶηίὶ
442 2458 605 2494 rostratis]
632 2456 673 2487 Se
693 2466 730 2486 ac
748 2456 785 2486 L.

120 2499 306 2537 Scipionem
327 2500 367 2528 ab
388 2499 501 2528 dextro
525 2508 623 2528 cornu
648 2508 721 2528 eum
747 2498 788 2527 vi-

120 2541 200 2581 ginti
224 2541 390 2577 rostratis;
416 2541 453 2571 C.
476 2540 624 2570 Laelium
649 2540 787 2578 praefec—

122 2588 191 2613 tum
214 2582 321 2612 classis
341 2587 371 2612 et
393 2582 440 2612 M.
459 2582 607 2612 Porcium
630 2582 788 2612 Catonem

123 2635 196 2655 cum
221 2624 330 2663 viginti
354 2634 481 2662 quoqne
504 2624 645 2653 rostratis
667 2624 790 2653 futuros

122 2667 273 2696 onerariis
303 2665 470 2704 praesidio.
524 2666 617 2696 Hace
648 2670 714 2695 emt
744 2665 790 2695 di-

123 2712 210 2738 recta
224 2718 262 2738 ac
278 2708 416 2746 simplex
433 2708 584 2746 loquendi
600 2708 710 2737 forma.
748 2708 789 2737 At

123 2750 239 2780 maluit
276 2749 387 2780 Livius
425 2749 544 2780 variare
588 2749 787 2779 orationem:

123 2794 246 2824 laemcm
279 2802 388 2829 cornu,
415 2793 538 2823 lotidem
566 2796 733 2825 rostratas.
758 2792 788 2821 id

825 2042 939 2068 stratas
955 2039 1139 2069 habiturum
1156 2044 1233 2069 erat.
1258 2040 1364 2070 CREV.

870 2089 886 2118 5
910 2082 1068 2119 Emporia
1099 2086 1135 2111 ut
1163 2082 1326 2120 peterent]
1367 2080 1496 2111 Africae

827 2121 987 2159 regionem
1025 2124 1182 2161 Emporia
1218 2126 1331 2152 neutro
1370 2133 1497 2162 genere,

826 2163 1005 2202 Hispaniae
1028 2165 1138 2194 urbem
1155 2166 1327 2204 Emporias
1342 2165 1497 2195 feminino

824 2206 885 2235 dici
903 2210 1011 2236 monet
1029 2206 1154 2237 Duker.

869 2246 888 2277 6
912 2250 1020 2287 Prope
1034 2249 1157 2279 totidem
1174 2249 1346 2286 rostratae]
1372 2249 1420 2279 M.
1432 2248 1496 2279 Re-

826 2290 920 2328 gulus
936 2294 967 2319 et
981 2290 1017 2320 L.
1030 2290 1174 2319 Manlius
1186 2291 1333 2320 consules
1347 2290 1498 2320 trecentis

830 2331 958 2369 triginta
973 2332 1114 2361 rostratis
1129 2332 1264 2361 naribus
1279 2342 1296 2362 e
1312 2332 1422 2362 Sicilia
1436 2332 1497 2362 sol-

831 2378 956 2410 verunt,
971 2378 1052 2403 teste
1069 2374 1183 2413 Polyb.
1197 2374 1216 2404 i.
1235 2383 1283 2412 25.
1316 2374 1409 2404 Aliae
1421 2383 1497 2412 quo-

830 2425 893 2453 que
905 2416 1020 2444 classes
1031 2415 1198 2445 Romanae
1210 2415 1266 2444 illo
1278 2416 1364 2445 bello
1377 2425 1499 2454 parem,

830 2462 886 2486 aut
905 2457 1001 2486 etiam
1023 2457 1176 2486 maiorem
1198 2467 1368 2487 numerum
1391 2458 1499 2497 longa-

833 2508 902 2528 rum
918 2498 1047 2528 navium
1065 2499 1255 2529 habuerunt.
1279 2499 1385 2530 CREV.

878 2548 893 2578 7
916 2541 979 2570 Sed
999 2545 1029 2570 et
1051 2541 1164 2570 bellum
1189 2542 1283 2578 bello]
1313 2541 1376 2571 Sed
1399 2545 1431 2571 et
1454 2550 1499 2571 se-

834 2582 974 2611 cundum
997 2582 1118 2611 bellum
1139 2582 1243 2621 priore
1263 2583 1349 2613 bello
1364 2583 1501 2613 atrocius

835 2623 992 2653 Romanis
1008 2623 1184 2661 ridebatur,
1200 2628 1270 2654 tum
1287 2624 1361 2663 qnia
1381 2625 1413 2654 in
1434 2626 1499 2655 Ita-

834 2665 877 2695 lia
893 2666 1085 2701 bellabatur,
1099 2670 1169 2695 tum
1186 2666 1260 2705 quia
1275 2671 1322 2696 tot
1343 2667 1502 2697 exercitus

836 2707 916 2737 eaesi
934 2717 1006 2736 eum
1020 2708 1155 2738 ducibus
1169 2708 1247 2748 ipsis
1261 2710 1301 2740 ab
1315 2709 1502 2740 Hannibale

835 2750 970 2780 fueraut.
996 2749 1100 2780 Ciu-:xz

1568 1245 1634 1283 26.

543 1297 745 1338 Ceterum
780 1312 865 1337 non
902 1312 951 1337 co
988 1297 1096 1338 bello
1131 1298 1279 1347 solum,
1313 1299 1411 1353 (nec
1447 1299 1490 1339 id
1503 1300 1622 1373 filtssssis
1640 1301 1700 1331 ⁸01-
