1877 3178
906 108 1052 151 TITI
1093 107 1269 149 LIVII

191 207 235 239 U.
251 208 290 239 C.
312 200 667 258 542.pugnandum
693 200 831 250 mittit,
853 200 1003 255 partim
1024 199 1111 254 ipse
1133 198 1183 239 ad
1207 212 1342 239 arcem
1364 197 1492 238 ducit.
1553 197 1609 239 Et
1630 206 1768 239 tumu-

189 251 229 281 A.
253 251 291 282 C.
313 258 458 299 ²¹0·lus
487 259 621 314 primo
652 259 811 313 impetu
841 266 902 298 est
931 265 1087 312 captus,
1110 264 1152 297 et
1178 255 1320 311 MagO,
1343 270 1479 296 arcem
1505 264 1675 296 conatus
1696 255 1769 296 de-

394 315 578 365 fendere,
601 330 730 371 quum
761 315 900 355 onmia
929 314 1109 354 hostium
1140 312 1265 368 plena
1287 312 1459 361 videret,
1486 327 1622 367 neque
1653 328 1768 368 spem

397 372 525 413 ullam
557 388 658 422 esse,
688 388 729 412 sc
766 386 985 427 arcemque
1023 380 1064 411 et
1098 369 1349 426 praesidium
1381 369 1553 410 dedidit.
1618 369 1770 417 Quoad

397 430 539 471 dedita
568 445 640 470 arx
672 438 744 478 est,
776 428 923 469 caedes
955 437 1042 469 tota
1072 428 1171 468 urbe
1207 426 1357 482 passim
1392 426 1550 474 factae3
1587 441 1665 466 nec
1696 426 1769 467 ulli

397 488 615 543 puberum,
642 487 713 542 qui
745 486 887 526 obvius
917 486 1007 534 fuit,
1039 485 1293 540 parcebatur.
1357 484 1480 532 Tum,
1510 483 1628 538 signo
1658 482 1768 533 dato,

398 544 594 585 caedibus
615 544 708 584 finis
729 544 870 583 factus.
933 542 1005 582 Ad
1026 542 1221 598 praedam
1243 541 1418 582 victores
1439 540 1557 589 versi,
1580 555 1685 595 quae
1706 540 1771 580 in-

398 616 500 657 gens
521 601 655 642 omnis
675 601 839 656 generis
859 600 949 640 fuit.

457 658 704 699 Liberorum
731 658 912 712 capitum
933 656 1049 697 virile
1078 671 1194 697 secus
1225 655 1277 696 ad
1305 655 1450 696 decem
1481 654 1609 695 millia
1638 662 1800 710 capta.5

400 714 519 764 Inde,
543 715 614 771 qui
640 715 749 755 cives
775 714 919 755 Novae
945 713 1209 768 Carthaginis
1238 722 1367 761 erant,
1391 713 1571 753 dimisit:
1606 712 1771 752 urbem-

399 788 481 827 que
503 781 545 813 et
565 787 638 812 sua
658 772 808 820 omnia,
831 787 936 826 quae
968 770 1126 826 reliqua
1147 771 1194 810 iis
1215 770 1370 811 bellum
1390 770 1555 818 fecerat,
1578 769 1767 810 restituit.

402 829 586 885 Opifiees
616 829 668 869 ad
698 829 781 869 duo
813 828 941 868 millia
970 828 1186 868 hominum
1212 837 1353 868 eraut:
1388 842 1457 867 cos
1479 826 1664 882 publicos
1684 826 1804 866 fore6

398 886 543 942 populi
566 886 746 926 Romani
768 885 912 933 edixit,
936 900 1030 925 eum
1061 900 1131 940 spe
1163 885 1397 940 propinqua
1426 884 1637 932 libertatis,
1660 883 1693 923 si
1718 882 1771 923 ad

400 943 628 983 ministeria
652 942 748 983 belli
775 943 896 982 enixe
919 957 1084 996 operam
1115 951 1341 981 navassent.
1407 940 1599 981 Ceteram
1632 940 1772 980 multi-

400 1000 589 1040 tudinem
625 999 851 1039 ineolarum
888 999 1097 1046 iuvenum,
1127 1013 1173 1038 ac
1203 998 1433 1038 validorum
1469 1012 1690 1045 servorum,
1728 997 1803 1044 in7

400 1056 570 1097 classem
602 1056 654 1096 ad
685 1056 1021 1111 supplementum
1047 1055 1250 1109 remigum
1276 1055 1413 1095 dedit:
1447 1063 1489 1095 et
1509 1062 1678 1095 auxerat
1698 1069 1771 1094 na-

399 1114 517 1153 vibus
558 1122 651 1153 octo
692 1113 863 1167 captivis
903 1112 1085 1152 classem.
1150 1111 1280 1151 Extra
1319 1112 1424 1151 hauc
1460 1111 1771 1151 multitudinem

401 1169 685 1225 Hispanorum
716 1169 878 1209 obsides
909 1178 1047 1209 erant:
1082 1184 1260 1223 quorum
1290 1168 1475 1223 perinde,
1502 1183 1548 1208 ac
1579 1168 1611 1207 si
1641 1168 1772 1208 socio-

400 1242 491 1267 rum
513 1227 630 1268 liberi
653 1235 802 1275 essent,
825 1241 923 1266 eura
944 1226 1094 1266 habita.
1145 1226 1305 1280 Captus
1326 1235 1367 1266 et
1388 1234 1605 1280 apparatus
1626 1225 1772 1279 ingens

399 1284 520 1332 belli3
554 1284 783 1339 catapultae
816 1284 1019 1323 maximae
1042 1283 1195 1323 formae
1224 1292 1391 1323 centum
1414 1282 1571 1338 viginti,
1594 1282 1773 1322 minores

400 1341 603 1382 ducentae
635 1341 844 1396 octoginta
874 1350 916 1381 et
946 1355 1051 1380 una:
1085 1340 1267 1380 ballistae
1300 1340 1473 1380 maiores
1500 1339 1646 1394 viginti
1678 1348 1771 1387 tres,

401 1399 580 1439 minores
611 1398 916 1453 quinquaginta
946 1397 1075 1437 duae:
1114 1397 1376 1452 scorpionum
1409 1397 1609 1436 maiorum
1640 1396 1773 1436 mino-

401 1471 576 1510 rumque
610 1465 651 1496 et
683 1470 890 1495 armorum
927 1454 1187 1509 telorumque
1224 1454 1370 1509 ingens
1406 1468 1623 1494 numerus:
1657 1453 1774 1508 signa

401 1513 592 1553 militaria
619 1512 881 1568 septuaginta
902 1521 1106 1566 quattuor.
1171 1511 1224 1551 Et
1256 1512 1344 1551 auri
1375 1511 1616 1566 argentique
1647 1510 1774 1550 relata

400 1569 453 1610 ad
488 1570 778 1624 imperatorem
815 1584 963 1623 magna
993 1569 1073 1608 vis:
1117 1578 1281 1623 paterae
1319 1584 1464 1608 aureae
1497 1568 1664 1608 fuerunt
1696 1567 1774 1607 du-

402 1636 546 1667 centae
575 1627 837 1681 septuaginta
857 1641 941 1674 sex,
965 1625 1086 1665 libras
1106 1626 1233 1665 terme
1256 1640 1398 1665 omnes
1418 1625 1580 1680 pondo:
1614 1624 1772 1679 argenti

401 1683 497 1724 facti
527 1683 759 1738 signatique
786 1683 931 1722 decem
962 1693 1004 1722 et
1034 1691 1126 1721 octo
1157 1682 1286 1722 millia
1317 1691 1356 1722 et
1391 1690 1575 1722 trecenta
1604 1681 1770 1737 pondo:

401 1755 589 1780 vasorum
621 1749 911 1795 argenteorum
942 1753 1115 1793 magnus
1142 1753 1349 1779 numerus
1412 1738 1529 1779 Haec
1558 1739 1697 1779 omnia
1721 1737 1770 1779 C.

403 1797 606 1838 Flaminio
628 1796 835 1852 quaestori
863 1810 1044 1851 appensa
1074 1805 1426 1850 annumerataque
1455 1804 1561 1835 sunt.
1624 1795 1771 1835 Tritici

403 1854 678 1909 quadraginta
709 1853 838 1894 millia
870 1852 1068 1900 modium,
1105 1851 1249 1892 hordei
1285 1852 1464 1892 ducenta
1498 1851 1770 1907 septuaginta.

404 1911 544 1952 Naves
561 1911 769 1951 onerariae
791 1910 1006 1965 sexaginta
1026 1918 1107 1949 tres
1129 1909 1171 1948 in
1192 1919 1312 1964 portu
1331 1917 1590 1963 expugnatae
1608 1917 1773 1963 captae-

402 1983 507 2023 que:
547 1968 750 2022 quaedam
784 1981 879 2007 cum
913 1967 995 2006 suis
1027 1966 1234 2014 oneribus,
1266 1966 1486 2013 frumento,
1515 1966 1649 2014 armis,
1678 1980 1771 2006 aere

402 2033 626 2080 praeterea,
647 2025 851 2079 ferroque,
875 2033 916 2063 et
941 2022 1091 2071 linteis,
1114 2031 1155 2063 et
1176 2031 1325 2078 sparto,
1347 2030 1389 2062 et
1416 2022 1549 2062 navali
1579 2022 1658 2062 alia
1686 2037 1772 2062 ma·
1788 2038 1800 2059 x

403 2081 505 2122 teria
526 2081 577 2122 ad
598 2081 767 2122 classem
789 2080 1112 2121 aedificandam:
1140 2089 1187 2120 ut
1209 2079 1425 2119 minimum
1447 2079 1647 2128 omnium,
1665 2079 1773 2120 inter

403 2148 536 2179 tantas
557 2153 656 2194 opes
676 2137 774 2178 belli
795 2147 946 2193 captas,
972 2136 1182 2192 Carthago
1204 2137 1292 2192 ipsa
1310 2136 1445 2177 fuerit.

395 114 477 151 334

192 550 316 580 Praeda
332 550 377 581 in-

191 603 278 632 gens.

253 653 321 693 47.

191 708 331 747 Captivi.

194 1230 377 1268 Apparatus

194 1272 269 1302 belli
287 1283 358 1312 cap-

194 1318 254 1345 tus.

195 1514 317 1543 Aurum
335 1518 366 1544 et

194 1561 370 1595 argentum.

1785 1611 1804 1640 8

1785 1663 1804 1693 9

443 2266 461 2297 5
492 2258 589 2288 Virile
603 2258 708 2294 secus]
735 2256 787 2287 Sic
803 2256 962 2286 edendum
979 2266 1065 2286 eura-

402 2299 446 2330 vit
471 2299 662 2333 Gronovius,
680 2309 777 2337 quum
803 2299 888 2338 prius
911 2299 1067 2337 legeretur

401 2343 503 2372 virilis
515 2353 625 2375 sexus:
644 2346 674 2370 et
687 2342 769 2370 hanc
783 2341 1065 2378 lectionem,quam

403 2394 485 2413 unus
492 2393 542 2414 us.
550 2384 698 2423 praefert,
705 2388 736 2412 et
744 2384 806 2412 duo
817 2383 870 2412 alii
882 2383 1013 2412 suadere
1025 2382 1066 2411 vi-

403 2428 528 2461 dentur,
538 2426 649 2455 multis
658 2425 814 2464 exemplis
826 2425 938 2455 firmat.
963 2425 1066 2454 Idem-

403 2479 465 2507 que
481 2469 624 2498 observat
646 2468 727 2497 hanc
751 2478 817 2497 esse
840 2467 1066 2506 proprietatem

403 2511 498 2540 huius
524 2510 692 2540 locutionis
718 2511 810 2540 virile
837 2514 890 2538 aut
917 2510 1067 2539 vmliebre

402 2564 502 2590 secus,
517 2556 552 2582 ut
575 2562 731 2591 nusquam
754 2552 818 2581 fere
842 2555 988 2590 ponatur,
1009 2551 1067 2580 nisi

404 2605 461 2633 pro
477 2605 514 2624 eo
530 2595 614 2632 quod
632 2594 767 2624 dicimus
784 2594 875 2631 vulgo
891 2595 993 2623 virilis
1011 2597 1067 2623 aut

404 2638 565 2666 muliebris
588 2647 702 2672 sermm
728 2636 760 2665 in
782 2635 952 2665 accusandi
976 2635 1066 2665 nimi-

404 2687 473 2706 rum
491 2688 576 2714 casu,
589 2688 683 2716 quem
699 2682 785 2717 regat
800 2678 963 2707 intellecta
980 2687 1066 2716 prae-

405 2719 519 2756 positio
549 2719 638 2755 κατὰ,
668 2721 717 2749 vel
747 2721 928 2750 secundum.
961 2720 1066 2750 CREV.

405 2760 445 2789 cf.
462 2760 539 2790 Tac.
556 2762 639 2791 Arm.
655 2762 695 2791 iv.
713 2761 762 2792 62.
781 2762 866 2792 Hist.
885 2772 911 2791 v.
932 2771 978 2800 13.

447 2800 466 2830 6
490 2803 637 2831 Publicos
663 2805 737 2840 fore
771 2805 883 2842 populi
912 2804 1064 2840 Romani]

404 2852 447 2872 sc.
467 2843 608 2871 Publicis
632 2844 811 2872 ministeriis
835 2844 996 2874 obnoxios.
1028 2845 1066 2874 cf.

1112 2256 1226 2294 Polyb.
1243 2265 1274 2285 x.
1294 2262 1339 2294 17.

1155 2305 1170 2337 7
1194 2298 1392 2334 Ins-alarum]
1428 2296 1494 2331 Qui
1510 2295 1703 2335 Carthagine
1718 2295 1772 2326 ha-

1110 2339 1258 2377 bitarent,
1284 2350 1387 2378 neque
1413 2343 1519 2369 tamen
1547 2338 1630 2368 cives
1658 2342 1772 2369 essent.

1111 2382 1213 2412 Cium:

1159 2426 1177 2453 8
1204 2425 1317 2454 Libras
1331 2424 1436 2461 ferme
1458 2434 1562 2454 omnes
1583 2423 1701 2462 pondo]
1731 2423 1771 2453 cf.

1111 2466 1204 2505 Supr.
1222 2466 1264 2496 iii.
1283 2476 1330 2506 29.

1153 2519 1172 2549 9
1195 2509 1330 2547 Aryenti
1349 2508 1450 2546 sacti]
1486 2508 1615 2546 Infecti,
1638 2510 1674 2536 ut
1699 2505 1771 2537 infr.

1112 2550 1219 2580 xxxiv.
1240 2560 1285 2581 10.
1304 2550 1357 2580 ubi
1381 2554 1509 2588 argento
1532 2549 1649 2578 infecto
1671 2548 1771 2588 signa-

1110 2597 1179 2622 tum
1196 2592 1377 2631 opponitur,
1389 2591 1523 2621 coniecit
1539 2591 1679 2621 Gronov.

1161 2645 1171 2665 1
1203 2635 1334 2674 Sparte]
1386 2634 1534 2673 Spartum
1572 2636 1619 2663 est
1655 2633 1772 2662 herbae

1111 2680 1223 2716 sponte
1238 2676 1394 2706 nascentis
1409 2676 1590 2714 praesertim
1605 2675 1637 2704 in
1653 2674 1769 2712 Hispa-

1110 2719 1163 2748 nia
1178 2729 1287 2758 genus,
1302 2728 1382 2757 quae
1398 2719 1437 2748 ad
1456 2718 1581 2747 vincula
1602 2727 1639 2747 ac
1657 2716 1769 2745 retina-

1111 2762 1184 2791 cula
1200 2760 1429 2799 compingenda
1445 2760 1532 2790 utilis
1547 2762 1602 2789 est.
1632 2758 1670 2788 cf.
1685 2757 1769 2787 Plin.

1113 2803 1158 2834 H.
1175 2803 1219 2833 N.
1235 2802 1299 2834 xix.
1316 2812 1344 2832 2².
1368 2802 1472 2832 CREv.
