1877 3178
361 79 441 117 190
865 76 1013 118 ΤΙΤΙ
1051 75 1229 118 LIVII

149 172 192 203 U.
209 172 246 203 C.
271 173 342 212 538.
357 170 368 189 ⁶
384 165 495 206 bona
509 164 689 221 fortique
716 180 842 222 opera
861 180 1004 206 eorum
1026 180 1069 206 se
1101 165 1154 206 ad
1175 180 1266 206 eam
1288 165 1401 207 diem
1422 180 1567 207 usum:
1601 181 1740 223 neque

146 216 186 246 A.
209 215 246 246 C·
271 225 341 253 214·
357 222 435 262 ‘ad
455 222 695 278 exemplum
711 223 808 264 iusti
830 222 972 263 militis
988 222 1214 278 quicquam
1236 223 1296 272 iis,
1313 230 1477 278 praeter
1491 223 1738 274 libertatem,
1758 244 1769 264 1

356 284 369 303 ⁶
381 279 550 320 deesse.’
610 279 678 321 De
696 295 746 321 eo
767 280 1013 336 permissum
1034 280 1113 335 ipsi
1134 288 1235 329 erat,
1252 280 1418 330 faceret,
1438 280 1553 335 quod.
1573 296 1595 322 e
1616 296 1741 337 repu-

146 338 314 386 §ra-ochus
354 336 463 377 blica
483 336 655 378 duceret
675 352 774 378 esse.
838 336 986 392 Itaque
1007 337 1134 392 prius,
1157 352 1283 392 quam
1304 352 1400 378 cum
1428 337 1547 378 hoste
1569 353 1740 379 manum

144 382 324 453 {Zssbssffa'
354 403 602 443 consereret,
625 394 882 450 pronuntiat,
907 400 917 417 ⁶
934 402 1098 449 tempus
1119 394 1278 434 venisse
1301 394 1350 434 iis
1377 394 1591 444 libertatis,
1614 410 1740 450 quam

144 434 254 502 mitrii,
271 465 325 504 qui
356 456 368 474 ⁶
383 451 457 491 diu
498 459 742 506 sperassent,
785 451 1024 506 potiundae.
1092 451 1266 491 Postero
1306 451 1374 491 die
1413 451 1541 506 signis
1581 452 1740 493 collatis

146 508 254 554 capita
270 508 339 538 hos·
355 513 367 531 ⁶
379 508 671 548 dimicaturum
692 523 798 563 puro
823 523 869 548 ac
890 508 1051 563 patenti
1079 523 1238 563 campo,
1262 508 1333 549 ubi
1354 508 1441 549 sine
1464 507 1549 549 ullo
1570 508 1741 549 insidia-

144 553 324 622 fflggffetu-
355 570 471 605 ‘rum
502 574 617 606 metu
637 580 734 605 vera
753 565 904 605 virtute
926 565 1014 620 geri
1042 580 1106 605 res
1128 574 1276 620 posset.
1343 564 1430 613 Qui
1458 573 1584 621 caput
1611 565 1740 607 hostis

170 613 179 621 i
257 616 264 623 ’
355 621 596 671 ‘retulisset,
629 637 725 662 eum
761 637 803 662 se
835 622 1046 677 extemplo
1076 622 1253 663 liberum
1284 623 1492 663 iussurum
1522 637 1632 663 esse:
1666 623 1739 679 qui

354 678 472 720 ‘loco
504 679 703 728 cessisset,
735 678 779 718 in
810 694 907 719 eum
938 679 1074 720 servili
1105 679 1309 735 supplicio
1340 679 1770 720 aniniadversurum.2

355 741 366 759 ⁶
382 735 509 777 Suam
531 737 683 792 cuique
705 736 914 776 fortunam
937 736 981 776 in
1002 751 1130 776 manu
1151 752 1237 777 esse
1256 753 1264 777 :
1299 736 1498 777 libertatis
1526 745 1738 778 auctorem

354 798 366 816 ⁶
379 793 428 833 iis
448 808 534 834 non
555 809 597 834 se
619 793 704 834 fore
727 793 874 842 solum,
897 793 970 834 scd
991 793 1205 834 consulem
1228 793 1289 834 M.
1310 793 1561 834 Marcellum
1582 802 1625 834 et
1645 794 1739 834 uni-

355 855 519 891 ⁶versos
550 850 717 898 Patres3
751 865 866 905 quoS‚
890 850 1098 891 consultos
1129 851 1179 891 ab
1201 866 1243 891 se
1276 851 1328 891 de
1356 850 1546 891 libertate
1578 865 1737 900 eorum,

354 912 366 930 ⁶
379 907 455 948 sibi
470 907 728 962 permisisse.’
787 907 949 948 Literas
962 907 1059 948 inde
1078 907 1257 949 consulis
1272 923 1319 949 ac
1333 907 1739 949 senatusconsultum

351 964 550 1004 recitavit.
613 964 685 1004 Ad
716 979 823 1019 quae
854 964 1010 1004 clamor
1039 979 1134 1005 cum
1166 965 1328 1021 ingenti
1358 980 1527 1006 assensu
1556 973 1618 1005 est
1642 966 1739 1006 sub—

352 1020 470 1061 latus.
533 1020 726 1075 Pugnam
754 1022 992 1076 poscebant,
1016 1022 1265 1077 signumque
1296 1030 1342 1062 ut
1369 1022 1488 1063 daret
1512 1022 1737 1077 extemplo,

351 1077 543 1118 ferociter
573 1078 793 1117 instabant.
859 1077 1087 1127 Gracchus,
1121 1079 1279 1133 proelio
1310 1079 1354 1118 in
1384 1088 1595 1134 posterum
1626 1079 1737 1120 diem

350 1134 633 1189 pronuntiato,
666 1134 912 1174 concionem
949 1134 1117 1174 dimisit.
1181 1134 1342 1175 Milites
1372 1135 1483 1184 laeti,
1514 1137 1738 1192 praecipue

352 1191 503 1245 quibus
524 1205 681 1231 merces
703 1200 874 1231 navatae
897 1191 940 1230 in
962 1206 1093 1231 unum
1115 1191 1226 1231 diem
1243 1206 1392 1246 operae
1414 1191 1582 1233 libertas
1602 1193 1740 1234 futura

210 1248 271 1286 15.
352 1256 452 1297 crat,
467 1247 591 1288 armis
608 1247 882 1303 expediendis
897 1247 1010 1303 quod
1026 1247 1234 1303 reliquum
1252 1258 1515 1289 consumunt.
1566 1249 1739 1291 Postero
1753 1263 1770 1293 3

352 1304 433 1353 die,
457 1304 528 1344 ubi
553 1304 670 1360 signa
700 1313 929 1360 coeperunt
959 1320 1120 1353 cancre,
1143 1305 1266 1360 primi
1297 1306 1485 1346 omnium
1515 1307 1648 1362 parati
1675 1307 1740 1347 in-

142 1359 232 1389 Acris
249 1370 303 1399 pu-
353 1362 581 1416 structique
604 1361 656 1401 ad
677 1362 931 1417 praetorium
952 1362 1219 1403 conveniunt.
1285 1362 1379 1403 Sole
1402 1372 1504 1412 orto,
1523 1363 1740 1405 Gracchus

141 1412 213 1441 gna.
353 1419 395 1459 in
418 1418 549 1459 aciem
575 1419 713 1474 copias
741 1418 903 1459 educit:
938 1434 1015 1460 nec
1037 1419 1174 1460 hostes
1202 1435 1360 1460 moram
1382 1420 1609 1461 dimicandi
1629 1421 1739 1462 fece-

353 1483 462 1516 runt.
525 1475 687 1515 Decem
709 1485 750 1516 ct
778 1484 937 1531 septem
958 1476 1088 1517 millia
1118 1477 1308 1532 peditum
1330 1486 1460 1527 erant,
1483 1478 1665 1519 maxima
1684 1493 1738 1519 ex

350 1540 466 1588 parte
490 1531 644 1572 Bruttii
665 1547 711 1572 ac
734 1532 918 1573 Lucani:
953 1534 1115 1588 equites
1141 1534 1253 1575 mille
1276 1534 1472 1583 ducenti3
1505 1535 1614 1575 inter
1634 1550 1739 1591 quos

350 1589 473 1645 pauci
495 1589 721 1629 admodum
743 1588 892 1637 Italici,
915 1591 1041 1630 ceteri
1065 1590 1277 1631 Numidae
1299 1591 1383 1632 fere
1411 1607 1555 1632 omnes
1577 1592 1738 1633 Mauri-

351 1661 445 1701 que.
507 1645 749 1701 Pugnatum
784 1654 846 1686 est
881 1654 923 1686 et
958 1647 1119 1696 acriter,
1155 1656 1197 1688 et
1232 1648 1316 1688 diu.
1383 1649 1596 1697 Quattuor
1627 1649 1738 1690 horis

351 1711 500 1743 neutro
526 1703 724 1743 inclinata
745 1711 806 1743 cst
833 1718 996 1758 pugna:
1031 1719 1109 1744 nec
1131 1704 1211 1745 alia
1232 1705 1361 1759 magis
1389 1706 1630 1746 Romanum
1660 1707 1739 1747 im-

382 1759 548 1800 ediebat
582 1775 660 1809 res,
692 1775 817 1815 quam
854 1760 990 1815 capita
1019 1760 1201 1801 hostium
1237 1762 1370 1816 pretia
1399 1762 1581 1803 libertati
1616 1763 1735 1804 facta.

351 1775 465 1857 Ram
486 1825 533 1857 ut
554 1817 731 1872 quisque
753 1817 915 1858 hostem
946 1817 1121 1873 impigre
1144 1818 1365 1867 occiderat,
1388 1819 1570 1874 primum
1601 1820 1736 1875 capite

351 1888 472 1928 aegre
487 1874 595 1914 inter
609 1875 772 1914 turbam
787 1874 1097 1929 tumultumque
1113 1875 1365 1916 abscidendo
1382 1884 1546 1931 tempus
1559 1877 1735 1918 terebat:
1749 1893 1768 1920 4

351 1930 518 1980 deinde,
541 1939 742 1986 occupata
762 1931 909 1972 dextra
929 1931 1113 1972 tenendo
1134 1940 1271 1987 caput,
1293 1932 1539 1973 fortissimus
1560 1934 1736 1989 quisque

352 1996 560 2043 pugnator
584 2003 671 2028 esse
697 1988 897 2029 desierat:
941 1989 1136 2044 segnibus
1167 2004 1213 2030 ac
1236 1989 1392 2030 timidis
1417 1989 1568 2031 tradita
1596 2005 1739 2046 pugna

352 2053 450 2085 erat.
517 2044 645 2092 Quod
680 2045 753 2085 ubi
785 2045 942 2086 tribuni
978 2045 1158 2086 militum
1197 2045 1390 2087 Graccho
1424 2047 1736 2097 nuntiaverunt,

355 2107 365 2124 ⁶
379 2101 590 2142 neminem
605 2110 783 2142 stantem
796 2102 878 2142 iam
892 2102 1099 2143 vulnerari
1112 2103 1288 2152 hostem,
1298 2103 1527 2144 carnificari
1540 2104 1737 2153 iacentes,

354 2164 365 2181 ⁶
381 2167 423 2199 et
444 2159 488 2198 in
504 2158 661 2199 dextris
682 2159 863 2199 militum
883 2174 959 2215 pro
979 2159 1126 2214 gladiis
1147 2160 1330 2200 humana
1350 2160 1486 2215 capita
1501 2175 1588 2201 esse
1602 2161 1626 2201 τ’
1656 2161 1738 2216 sig-

352 2230 454 2255 num
476 2215 564 2255 dari
585 2230 760 2270 propere
782 2216 911 2265 iussit,
936 2222 947 2240 ⁶
963 2216 1214 2272 proiicerent
1237 2217 1385 2272 capita,
1407 2217 1737 2274 invaderentque

354 2272 552 2312 ‘hostcm.
617 2271 785 2312 Claram
820 2273 917 2313 satis
956 2282 998 2313 et
1033 2273 1239 2329 insignem
1274 2274 1472 2314 virtutem
1504 2289 1615 2315 esse:
1657 2290 1737 2316 nec

354 2334 365 2352 ⁶
381 2328 550 2370 dubiam
572 2328 805 2370 libertatem
832 2329 1013 2370 futuram
1035 2330 1213 2371 strenuis
1234 2330 1356 2371 viris.'
1415 2331 1528 2372 Tum
1553 2332 1738 2373 redinte-

351 2394 466 2441 grata
479 2401 621 2442 pugna
640 2394 713 2435 est,
731 2394 774 2427 et
789 2401 918 2442 eques
938 2387 1062 2427 etiam
1085 2387 1129 2427 in
1142 2387 1305 2428 hostem
1322 2388 1505 2429 emissus.
1570 2388 1736 2437 Quibus

399 2562 407 2581 1
437 2554 490 2582 Ad
511 2554 689 2592 exemplum
707 2554 784 2583 iusti
805 2554 931 2590 militis]
976 2553 1022 2582 Ut
1067 2552 1271 2590 cruciatibus,
1287 2557 1319 2583 et
1334 2553 1403 2592 ipsa
1419 2563 1521 2584 cruce.
1546 2553 1686 2584 SrRo'rn.

352 2593 470 2623 similes
490 2595 586 2633 plane
605 2595 667 2624 siut
684 2605 756 2625 vero
780 2598 812 2625 et
835 2595 898 2625 suis
922 2594 1021 2624 omni-
1111 2605 1127 2634 3
1145 2597 1236 2632 Quod
1250 2597 1426 2635 reliquum]
1453 2596 1529 2626 Sub.
1540 2597 1628 2633 Diei,
1638 2604 1733 2634 quam

354 2636 411 2663 bus
442 2637 581 2665 numeris
611 2637 757 2666 absoluto
782 2636 887 2667 militi.
933 2638 1022 2667 Iusto
1067 2647 1176 2667 vocem
1195 2639 1264 2667 loco
1281 2637 1366 2667 vocis
1383 2639 1466 2677 quod
1480 2637 1733 2667 substituendam

354 2678 457 2712 militi,
490 2679 760 2715 quemadmodum
798 2681 883 2709 iusta
920 2689 1023 2715 arma,
1068 2684 1175 2709 censet
1193 2680 1333 2710 Gronov.

354 2717 423 2746 infr.
441 2718 517 2748 xxii.
535 2720 583 2755 48.
615 2722 690 2750 iusti
714 2722 829 2755 munis,
852 2731 936 2759 supr.
956 2721 974 2751 i.
993 2733 1021 2758 4.
1114 2733 1132 2759 4
1159 2721 1371 2761 Abscidendo]
1413 2721 1465 2751 Ita
1489 2720 1652 2751 Drakenb.
1676 2730 1733 2759 pro

353 2759 458 2788 Cum.
1066 2765 1288 2797 abscindendo,
1299 2764 1339 2793 ab
1351 2765 1406 2793 abs
1419 2767 1449 2793 et
1461 2764 1566 2796 caedo,
1578 2762 1732 2801 probante

398 2810 411 2829 2
436 2801 552 2830 Servili
566 2804 739 2839 supplicio]
759 2814 800 2833 sc.
816 2804 1021 2840 Verberibus,
1067 2806 1159 2834 Crev.
1177 2809 1206 2834 et
1223 2805 1363 2834 Gronov.
