1871 3178
512 97 636 138 LIB.
672 96 820 137 XXX.
869 96 1014 138 CAP.
1049 100 1114 135 21.
1436 97 1516 133 523

137 193 148 212 ‘
164 188 284 228 ruina
308 187 573 242 Carthaginis
595 187 822 242 oppressit.'
883 186 970 226 Iam
994 185 1071 225 hoe
1101 185 1234 239 ipsum
1259 182 1518 238 praesagiens
1536 189 1577 219 U.
1595 189 1632 219 (J.
1657 197 1728 228 549·

135 245 287 293 animo,
315 253 625 300 p1·aepa1·zn='erat
657 253 751 284 ante
781 258 915 283 naves'.
980 242 1140 296 Itaque,
1170 239 1308 279 inutili
1338 239 1516 279 militum
1534 232 1571 262 A.
1596 233 1633 262 C·
1657 240 1727 270 ²03·

136 302 256 342 turba
286 301 478 356 praesidii
511 301 646 356 speeie
678 301 721 340 in
754 299 907 355 oppida
942 298 1095 338 Bruttii
1127 297 1225 352 agri,
1249 312 1355 351 (piac
1388 311 1519 351 pauca

135 359 268 413 magis
300 367 427 407 metu,
457 374 581 413 (piam
614 358 709 405 fido,
743 357 1075 403 continebantur,
1105 354 1285 401 dimissa,
1308 353 1422 407 quod
1453 368 1518 392 ro-

134 415 243 456 boris
267 416 308 455 in
331 416 517 456 exercitu
539 424 638 463 erat,
663 415 705 454 in
729 414 913 454 Africam
938 411 1188 453 transvexit:
1221 410 1361 449 multis
1384 409 1518 449 Italici

133 473 311 526 generiS,
335 473 433 527 qnia
454 473 497 511 in
521 472 706 512 Africani
734 481 946 511 secuturos
973 471 1205 510 abnuentes
1230 475 1519 507 concesserant

134 529 178 568 in
201 528 373 569 Iunonis
395 529 591 569 Laciniae
614 528 849 577 delubrum,
871 526 1115 567 inviolatum
1139 524 1192 564 ad
1214 539 1303 564 eam
1327 523 1451 571 diem,
1476 523 1519 562 in

135 586 291 641 templo
314 586 401 641 ipso
423 586 543 626 foede
566 585 802 626 interfectis.
867 584 980 625 Raro
1002 596 1256 638 quemquam
1284 580 1423 628 alium,
1446 595 1519 635 pa-

102 642 254 690 9triam
291 643 423 683 exsilii
462 658 584 684 causa
618 642 940 696 relinquentem,
978 640 1107 694 magis
1145 647 1346 678 maestum
1387 637 1518 677 abisse

133 699 284 748 ferunt,
327 715 451 754 quam
495 699 779 739 Hannibalem
830 698 1011 738 hostium
1059 706 1166 736 terra
1215 694 1515 735 excedente'm:

134 757 362 812 respexisse
394 771 516 811 saepe
549 756 693 796 Italiae
726 755 859 803 litora,
889 764 931 795 et
962 754 1063 794 deos
1093 752 1366 806 hominesque
1399 766 1519 791 aecu-

134 824 308 862 santem,
341 813 384 853 in
415 828 457 854 se
489 828 656 868 quoque
690 827 736 852 ac
769 827 891 852 suum
926 811 1052 867 ipsius
1085 818 1210 865 caput
1247 816 1518 856 exsecratum,

137 875 148 894 ‘
164 870 278 925 quod
300 885 384 910 non
405 879 624 911 cruentum
647 870 697 910 ab
718 869 933 910 Cannensi
952 867 1125 908 victoria
1147 866 1320 906 militem
1341 865 1520 905 Romam

136 927 361 968 ‘duxisset.
427 926 666 982 Scipionem
708 927 765 966 ire
807 926 859 966 ad
904 925 1204 978 Carthaginem
1247 937 1406 970 ausum,
1447 921 1521 976 qui

136 989 148 1007 6
164 983 307 1024 consul
328 984 490 1024 hostem
513 984 555 1023 in
579 983 698 1024 ltalia
718 983 909 1023 Poenum
936 997 1019 1021 non
1043 980 1234 1021 vidisset:
1269 994 1325 1028 se,
1348 987 1518 1019 centum

137 1040 346 1081 ‘millibus
381 1050 632 1080 armatorum
674 1040 726 1080 ad
763 1039 1054 1080 Trasimenum
1095 1047 1137 1078 et
1175 1036 1343 1077 Cannas
1379 1035 1519 1083 caesis,

137 1103 149 1122 ‘
165 1097 273 1137 circa
297 1097 531 1138 Casilinum
557 1096 797 1152 Cumasque
819 1105 861 1136 et
886 1095 1037 1136 Nolam
1059 1093 1350 1134 consenuisse.’
1402 1091 1520 1132 Hace

135 1169 332 1195 accusans
372 1169 648 1209 querensque,
690 1169 742 1194 ex
781 1153 944 1193 diutina
983 1151 1237 1207 possessione
1278 1148 1421 1190 Italiae
1459 1157 1521 1189 est

135 1211 356 1251 detractus.

196 1268 375 1308 Romam
406 1283 482 1323 per
511 1267 679 1308 eosdem
712 1267 812 1316 dies,
841 1275 883 1308 et
911 1266 1139 1321 Magonem
1167 1273 1209 1305 et
1236 1262 1519 1304 Hannibalem
1597 1269 1663 1306 21.

135 1325 354 1380 profectOS,
378 1325 547 1365 allatum
569 1333 641 1366 est.
707 1324 840 1365 Cnins
861 1323 1039 1379 duplicis
1060 1321 1346 1377 gratulationis
1368 1319 1519 1360 minuit

136 1382 348 1431 laetitiam,
371 1391 413 1422 et
433 1381 547 1437 quod
575 1397 721 1437 parum
750 1381 877 1422 duces
904 1381 948 1420 in
977 1379 1205 1420 retinendis
1234 1379 1295 1427 iis,
1319 1392 1449 1432 quum
1477 1376 1520 1416 id

137 1438 381 1479 mandatum
410 1440 460 1479 ab
486 1450 631 1479 senatu
659 1447 776 1487 esset,
799 1447 871 1479 aut
897 1437 1038 1486 animi,
1062 1446 1133 1477 aut
1152 1436 1302 1476 virium
1330 1434 1520 1474 habuisse

139 1495 414 1544 videbantur3
462 1505 503 1537 et
539 1496 653 1551 quod
689 1495 854 1536 solliciti
889 1503 1018 1543 erant,
1054 1494 1167 1534 omni
1203 1492 1301 1533 belli
1336 1491 1443 1531 mole
1478 1490 1522 1530 in

138 1567 270 1592 unuin
307 1552 458 1593 ducem
492 1553 807 1608 exercitumque
844 1551 1053 1600 inclinata,
1091 1566 1175 1606 quo
1211 1563 1381 1590 evasura
1416 1556 1522 1588 esset

138 1624 213 1650 res
276 1609 360 1650 Per
384 1610 552 1650 eosdem
578 1610 667 1650 dies
695 1609 819 1664 legati
851 1608 1071 1664 Saguntini
1091 1604 1311 1654 venerunt,
1334 1619 1523 1659 compre-

139 1666 290 1707 hensos
325 1682 420 1707 enm
457 1667 635 1722 pecunia
669 1667 924 1707 adducentes
957 1664 1335 1719 Carthaginienses,
1366 1662 1439 1716 qui
1470 1660 1523 1701 ad

139 1723 414 1764 conducenda
434 1723 586 1764 auxilia
609 1724 651 1763 in
675 1723 924 1778 Hispaniam
947 1722 1213 1762 traiecissent.
1276 1719 1522 1759 Ducentum

139 1788 182 1820 et
207 1779 512 1836 quinquaginta
539 1781 640 1829 auri,
668 1781 957 1836 octingentum
984 1778 1125 1835 pondo
1147 1777 1306 1833 argenti
1334 1777 1378 1816 in
1398 1775 1523 1816 vesti-

139 1836 237 1877 bulo
259 1837 395 1878 curiae
418 1846 658 1893 posuerunt.
712 1836 968 1877 Hominibus
988 1835 1168 1891 acceptis
1188 1843 1231 1875 et
1252 1834 1294 1873 in
1316 1847 1523 1874 carcerem

140 1893 331 1943 conditis,
368 1909 466 1935 auro
506 1903 762 1950 argentoque
800 1894 978 1942 reddito,
1011 1893 1166 1948 gratiae
1201 1891 1347 1946 legatis
1379 1899 1519 1930 actae:

140 1958 265 2005 atque
287 1951 456 2005 insuper
480 1966 653 1990 munera
672 1950 769 1990 data
795 1965 842 1990 ae
870 1965 1007 1997 naves,
1029 1949 1181 2003 quibus
1209 1948 1252 1986 in
1276 1946 1524 2001 Hispaniam

141 2015 456 2047 reverterentur.
520 2007 686 2046 BIentio
727 2006 880 2046 deinde
931 2006 982 2045 ab
1022 2004 1253 2045 senioribus
1292 2003 1400 2043 faeta
1447 2010 1522 2050 est,

143 2068 155 2086 6
175 2063 352 2117 Segnius
373 2063 562 2103 homines
586 2064 707 2111 bona,
730 2078 855 2117 quam
881 2062 1000 2109 mala,
1023 2061 1188 2102 sentire.
1251 2059 1449 2099 Transitu
1480 2059 1524 2098 in

144 2119 335 2160 ‘Italiam
377 2119 639 2168 Hannibalis,
681 2128 886 2174 quantum
927 2118 1090 2159 terroris
1131 2117 1390 2172 pavorisque,
1434 2129 1521 2156 sese

145 2177 421 2225 ‘meminisse,
459 2192 560 2231 quas
596 2176 749 2217 deinde
791 2175 941 2224 cladeS,
979 2190 1083 2230 quos
1121 2174 1258 2214 luctus
1298 2172 1525 2213 incidisse?

145 2238 156 2257 ‘
173 2233 275 2274 Visa
294 2243 424 2274 castra
447 2233 628 2274 hostium
652 2248 673 2274 e
696 2233 824 2273 muris
851 2233 986 2273 urbis:
1020 2246 1126 2286 quae
1149 2239 1244 2271 vota
1267 2229 1526 2285 singulorum

145 2296 156 2313 ‘
173 2290 543 2345 universorumque
572 2290 729 2330 fuisse?
761 2290 923 2344 quoties
949 2289 992 2329 in
1017 2287 1202 2328 conciliis
1223 2302 1356 2335 voces,
1379 2300 1526 2325 manus

115 2363 126 2383 1
146 2347 226 2387 ‘ad
256 2346 418 2387 coelum
452 2347 754 2402 porrigentium
786 2346 972 2386 auditas:
1017 2345 1085 2385 En
1116 2358 1300 2398 unquam
1337 2342 1404 2382 ille
1436 2342 1526 2382 dies

146 2410 156 2426 ‘
172 2404 334 2443 futurus
355 2412 473 2451 esset,
497 2419 580 2458 quo
600 2418 773 2443 vacuam
794 2403 980 2443 hostibus
1001 2401 1164 2442 Italiam
1193 2401 1302 2440 bona
1327 2414 1428 2454 paee
1451 2399 1526 2439 flo-

146 2466 335 2501 ‘rentem
375 2460 500 2499 visuri
540 2461 709 2500 essent?
769 2459 947 2500 Dedisse
989 2458 1159 2499 tandem
1194 2457 1237 2497 id
1272 2456 1372 2497 deos
1407 2464 1525 2496 sexto

146 2516 336 2557 ‘decimo
364 2516 535 2557 demum
565 2531 701 2557 anno:
736 2532 813 2557 nee
842 2531 943 2565 esse,
972 2516 1045 2571 qui
1072 2515 1152 2555 diis
1177 2522 1313 2569 grates
1345 2511 1526 2568 agendas

186 2668 206 2697 9
230 2658 340 2695 Asa-qis
360 2658 529 2694 maesiam]
557 2656 660 2686 Nullo
681 2654 713 2684 in
739 2654 811 2684 seri-
857 2653 1031 2684 necessaria
1061 2653 1113 2682 hic
1144 2651 1235 2682 nobis
1262 2651 1395 2682 videtur.
1419 2652 1526 2683 Cui-:tu

146 2704 213 2738 pto,
230 2709 333 2737 neque
351 2698 525 2733 Gronovio,
539 2708 642 2736 neque
659 2697 749 2727 nobis
761 2707 812 2726 oc-
860 2698 933 2726 Tam
951 2695 1091 2734 reposuit
1110 2695 1250 2726 Bekker.

144 2741 240 2771 currit
254 2740 290 2770 τὸ
302 2742 410 2779 nitigis.
444 2740 593 2779 Plerique
605 2740 688 2769 hanc
702 2749 811 2768 vocem
904 2748 913 2768 1
945 2739 999 2768 En
1046 2739 1204 2776 unquam]
1276 2737 1496 2776 Nunquamne
1512 2739 1524 2766 ἓ

145 2787 245 2813 totam
263 2783 391 2812 abolent
406 2794 411 2812 :
438 2783 567 2821 quidam
585 2782 652 2812 eius
672 2782 741 2811 loco
758 2781 811 2810 ha-
858 2781 895 2812 cf.
914 2791 997 2819 supr.
1015 2779 1100 2810 xxiv.
1122 2789 1167 2817 14.

144 2826 221 2855 berit
237 2830 310 2856 tam.
351 2825 512 2855 Alterutra
529 2835 567 2855 ex
585 2824 632 2854 his
650 2823 813 2863 particulis
