1871 3178
510 71 631 114 LIB.
667 75 834 118 XXVI.
883 78 1026 120 CAP.
1060 85 1126 123 41.
1430 91 1509 130 327

138 155 287 210 fugam.
362 157 442 199 Per
477 176 657 203 aversam
699 174 858 220 portam
894 168 1077 218 emissus,
1115 181 1322 227 assmnpto
1358 177 1507 218 comite
1528 189 1565 219 [γ’.
1585 191 1620 220 (“.
1644 199 1713 228 54²-

138 210 338 269 Epicyde,
367 232 461 257 cum
496 221 635 273 paucis
669 222 720 262 ad
751 238 859 264 mare
888 227 1096 279 pervenit:
1137 230 1329 284 nactique
1359 233 1714 303 01›1›01'-Q.·„.³}·²1'10·

136 276 235 310 tune
268 286 435 326 parvum
466 277 687 329 navigium,
712 279 851 320 relicta
875 281 1059 323 hostibus
1084 285 1234 335 Sicilia,
1257 286 1309 327 ‹le
1331 304 1413 343 qua
1435 284 1652 346 persqlssssahss‘
1670 288 1697 304 Ψ

136 334 195 366 tot
232 343 362 369 annos
397 342 597 373 certatum
635 346 731 384 erat,
770 337 811 376 in
849 339 1033 380 Africam
1075 342 1334 385 traiecerunt.
1410 347 1506 388 Alia
1522 358 1645 389 lunt-nis.

134 383 356 426 multitudo
376 387 609 430 l'ocnorum
635 393 964 450 Siculorumque,
984 412 1035 437 ne
1054 407 1212 440 tentato
1230 402 1399 456 quidem
1417 419 1505 444 cer—

134 442 300 490 tamine,
324 460 452 499 quum
475 448 585 487 cacci
618 448 659 488 in
691 451 828 505 fugam
851 463 1031 503 ruerent,
1053 455 1263 512 clausique
1286 460 1421 501 exitus
1442 477 1504 502 es-

131 507 235 546 sent,
266 500 374 541 circa
413 513 549 557 portas
585 521 712 547 caesa.
777 508 946 564 Oppido
979 522 1145 568 recepto
1179 514 1400 567 Laevinus,
1430 520 1501 574 qui

131 555 267 610 capita
296 572 430 599 rerum
458 560 677 615 Agrigenti
706 575 834 613 erant,
857 567 980 621 virgis
1007 586 1145 611 caesos
1178 574 1309 613 securi
1336 590 1502 629 pereus-

129 611 206 652 sit:
245 623 401 656 ceteros
430 618 706 674 praedamque
728 623 941 665 vendidit:
981 642 1146 668 omnem
1173 631 1391 683 pecuniam
1417 633 1502 674 Ro-

130 683 238 710 mam
268 672 386 713 misit.
451 674 575 715 Fama
603 677 972 733 Agrigentinorum
1004 683 1131 725 cladis
1164 686 1345 729 Siciliam
1372 706 1501 745 quum

128 731 379 780 pervasisset,
398 731 536 772 omnia
556 744 725 788 repente
744 736 794 776 ad
815 737 1025 781 Romanos
1042 741 1356 787 inclinaverunt.
1401 747 1502 788 Pro-

127 782 214 824 dita
235 785 346 825 brevi
367 796 463 827 sunt
479 789 625 843 viginti
647 793 821 848 oppida:
855 810 927 836 sex
944 798 983 837 vi
1005 808 1145 854 capta:
1179 801 1409 845 voluntaria
1429 805 1502 846 de-

126 839 282 882 ditione
314 843 357 882 in
379 844 504 885 fidem
527 860 729 890 venerunt
754 851 806 891 ad
835 853 1118 909 quadraginta.
1185 858 1373 906 Quarum
1402 863 1502 903 civi-

125 898 270 938 tatium
292 900 546 957 principibus
567 920 697 960 quum
719 923 793 963 pro
816 911 1015 967 cuiusque
1038 915 1184 955 merito
1205 918 1349 958 consul
1369 920 1503 974 pretia

123 968 360 1011 poenasque
382 959 632 1011 exsolvisset,
655 966 936 1022 coegissetque
969 970 1139 1020 Siculos,
1163 974 1304 1028 positis
1331 977 1498 1018 tandem

123 1012 257 1062 armis,
280 1014 333 1054 ad
354 1031 497 1071 agrum
519 1019 740 1062 colendum
763 1024 920 1065 animos
948 1038 1198 1079 convertere,
1222 1041 1267 1071 ut
1288 1043 1394 1073 esset
1414 1049 1499 1075 non

122 1068 348 1111 incolarum
367 1074 490 1114 modo
512 1075 717 1118 alimentis
733 1079 927 1134 frugifera
949 1083 1092 1133 insula,
1110 1087 1183 1126 sed
1205 1089 1315 1128 urbis
1340 1089 1497 1132 Romae

122 1134 246 1181 atque
265 1127 420 1178 ItaIIae,
440 1131 481 1170 id
499 1133 611 1186 quod
629 1135 767 1176 multis
781 1134 900 1192 saepe
916 1143 1227 1195 tempestatibus
1243 1146 1407 1195 fecerat,
1425 1163 1498 1188 an-

122 1198 274 1224 nonam
296 1185 467 1234 levarct3
501 1189 550 1230 ab
570 1192 814 1248 Agathyrna
831 1195 1083 1238 inconditam
1107 1200 1416 1245 multitudinem
1434 1220 1498 1246 se-

122 1254 215 1281 cum
232 1241 273 1281 in
293 1241 453 1284 Italiam
472 1249 707 1289 transvexit.
764 1251 973 1298 Quattuor
989 1255 1115 1296 millia
1132 1257 1346 1300 hominum
1365 1271 1494 1311 erant,

122 1298 241 1338 mixti
272 1314 323 1339 ex
357 1302 469 1341 omni
499 1303 729 1347 colluvione
764 1309 938 1359 exsules,
967 1312 1160 1363 obaerati,
1190 1317 1381 1371 capitalia
1407 1321 1495 1360 ausi

120 1354 308 1411 plerique
323 1373 332 1405 3
366 1367 408 1398 et
421 1375 550 1413 quum
565 1361 607 1401 in
625 1363 857 1406 civitatibus
871 1368 953 1408 suis
969 1384 1014 1409 ac
1031 1371 1106 1411 sub
1120 1371 1280 1425 legibus
1293 1375 1493 1426 vixerant,

120 1421 162 1453 et
182 1423 401 1468 postquam
424 1431 493 1456 cos
514 1433 565 1457 cx
582 1420 703 1461 variis
724 1423 855 1463 causis
876 1424 1039 1466 fortuna
1059 1428 1202 1468 similis
1223 1431 1496 1486 conglobave-

120 1478 182 1510 rat
204 1470 504 1527 Agathyrnam,
522 1490 596 1530 per
616 1476 828 1519 latrocinia
849 1496 895 1521 ac
916 1483 1101 1537 rapinam
1119 1485 1339 1528 tolerantes
1355 1490 1493 1532 vitam.

122 1526 213 1567 Hos
248 1543 384 1583 neque
420 1530 653 1587 relinquere
691 1535 899 1577 Laevinus
932 1539 975 1578 in
1010 1540 1154 1591 insula,
1192 1552 1279 1584 tum
1315 1546 1495 1601 primum

120 1599 227 1624 nova
247 1600 346 1640 pace
363 1587 630 1638 coalescente,
654 1591 765 1633 velut
786 1595 999 1636 materiam
1022 1600 1221 1641 novandis
1242 1602 1375 1652 rebus,
1398 1606 1495 1645 satis

120 1649 253 1682 tutum
276 1651 386 1683 ratus
406 1654 488 1685 est:
522 1654 564 1686 et
587 1646 789 1703 Rheginis
811 1652 902 1692 usui
923 1653 1049 1695 futuri
1072 1666 1188 1698 crant
1209 1658 1262 1699 ad
1292 1661 1496 1716 populan-

118 1698 218 1738 dum
257 1698 467 1740 Bruttium
501 1718 658 1758 agrum,
696 1717 898 1749 assuetam
935 1709 1158 1754 latrociniis
1199 1719 1494 1771 quaerentibus

116 1770 296 1797 manum.
362 1757 427 1807 Et,
446 1760 560 1814 quod
581 1761 633 1803 ad
657 1762 839 1805 Siciliam
861 1767 1021 1818 attinet,
1037 1785 1086 1811 eo
1108 1786 1218 1813 anno
1240 1773 1494 1817 debellatum

116 1821 188 1853 est.

87 1884 103 1904 2
173 1869 224 1910 In
253 1870 457 1927 Hispania
485 1874 689 1932 principio
711 1879 815 1920 veris
844 1880 889 1921 P.
912 1881 1062 1939 Scipio,
1086 1887 1259 1928 navibus
1288 1888 1489 1940 deductis,
1568 1897 1634 1935 41.

115 1929 376 1984 evocatisque
407 1930 544 1972 edicto
577 1933 853 1977 Tarraconem
884 1940 1093 1982 sociorum
1119 1945 1294 1994 auxiliis,
1321 1947 1491 1990 classem
1507 1950 1685 1991 Hispaniae

115 1986 403 2041 onerariasque
425 1988 574 2029 ostium
597 1990 694 2032 inde
725 1992 835 2034 Iberi
856 1996 1037 2038 fluminis
1058 2010 1197 2053 petere
1219 2002 1344 2043 iubet.
1409 2005 1492 2046 Eo·
1504 2002 1562 2024 res.

115 2039 211 2081 dem
241 2042 424 2096 legiones
454 2059 506 2084 ex
538 2046 720 2089 hibernis
750 2053 970 2093 convenire
1002 2071 1131 2109 quum
1163 2057 1365 2100 iussisset:
1403 2062 1489 2117 ipse

115 2112 209 2137 cum
231 2099 417 2155 quinque
438 2102 618 2144 millibus
640 2106 843 2148 sociorum
871 2110 922 2149 ab
944 2110 1179 2154 Tarracone
1201 2116 1408 2170 profectus
1437 2120 1489 2161 ad

115 2156 343 2197 exercitum
372 2166 444 2198 est.
510 2159 606 2207 Quo
633 2177 762 2217 quum
791 2166 980 2215 venisset,
1010 2168 1281 2224 alloquendos
1309 2176 1488 2217 maxime

113 2220 270 2253 veteres
293 2214 454 2264 milites,
478 2217 549 2271 qui
579 2219 701 2259 tantis
722 2223 1007 2276 supeffuerant
1028 2225 1226 2278 cladibus,
1245 2240 1367 2281 ratus,
1390 2248 1489 2274 con-

113 2269 231 2309 cione
253 2270 460 2320 advocata,
484 2273 541 2314 ita
561 2274 774 2318 disseruit:
811 2284 821 2302 ⁶
840 2279 977 2321 Nemo
1002 2292 1096 2324 ante
1119 2300 1184 2326 me
1206 2301 1336 2328 novus
1357 2289 1488 2346 impe-
1502 2304 1660 2344 Scipionis

115 2331 247 2366 ‘rator
277 2327 476 2369 militibus
506 2331 588 2370 suis
615 2333 740 2387 prius,
763 2350 887 2390 quam
918 2353 1043 2393 opera
1070 2356 1213 2383 eorum
1244 2359 1340 2385 usus
1368 2358 1486 2397 esset,
1501 2348 1600 2394 oratio
1616 2349 1657 2379 ad

114 2388 126 2405 ⁶
140 2383 290 2438 gratias
311 2400 430 2439 agere
445 2386 532 2427 iure
554 2402 600 2427 ac
622 2391 768 2432 merito
785 2394 930 2447 potuit.
994 2396 1067 2437 Me
1082 2399 1197 2439 vobis
1217 2401 1342 2455 priUS,
1361 2418 1487 2458 quam
1501 2390 1628 2422 nuhtes.

114 2445 125 2462 ‘
141 2441 393 2495 provinciam
415 2451 485 2482 aut
506 2454 635 2485 castra
651 2447 846 2497 viderem,
862 2451 1057 2506 obligavit
1071 2454 1257 2496 fortuna:
1291 2459 1484 2512 primum,

115 2497 254 2551 ‘quod
290 2513 338 2538 ea
370 2499 520 2553 pietate
557 2516 653 2557 erga
684 2513 843 2558 patrem
883 2518 1160 2565 patruumque
1201 2527 1340 2555 meum
1373 2517 1486 2560 vivos

114 2559 125 2576 ⁶
142 2562 405 2610 mortuosque
442 2556 595 2598 fuistis:
641 2559 806 2611 deinde,
841 2564 954 2617 quod
994 2567 1183 2608 amissam
1217 2579 1329 2612 tanta
1368 2573 1484 2617 clade

112 2679 230 2709 locutio
245 2681 406 2713 Drakenb.
423 2682 554 2716 videtur.
567 2686 620 2722 qui
636 2688 692 2716 ssd)
710 2689 773 2718 ictu
819 2691 931 2721 {lucere
945 2697 973 2722 et
986 2696 1158 2728 subducere
1175 2705 1387 2737 opponuntur.
1422 2705 1483 2734 De-

113 2722 162 2751 vel
177 2724 234 2752 suh
253 2724 345 2753 icium
365 2725 477 2754 Latine
498 2726 602 2764 potins
617 2728 678 2758 dici
697 2730 773 2760 vult.
819 2733 981 2764 ducuntur
995 2747 1089 2767 nares
1105 2738 1135 2768 in
1153 2744 1483 2779 mare,subducantur

114 2764 295 2794 Perizonius
310 2768 352 2795 ml
367 2768 481 2796 iac-lum
500 2770 553 2799 leli
569 2770 714 2802 coniecit.
821 2774 851 2804 in
869 2775 997 2809 siccum.
1021 2780 1126 2812 CREV.

157 2816 170 2835 2
187 2809 333 2838 Navibus
348 2810 503 2849 deductis]
524 2811 562 2841 In
579 2822 673 2844 marc.
712 2815 773 2846 Dc-
