1825 3173
290 110 365 147 102
801 105 949 149 TITI
991 106 1167 148 LIVII

82 205 125 235 U.
142 206 179 236 C.
203 197 419 246 536.f1eret,
460 196 561 237 dum
598 197 685 252 ipse
722 197 885 253 longius
926 198 1105 252 spatium
1138 197 1236 251 fuga
1271 195 1542 251 praeciperet,
1574 194 1675 236 falsa

80 249 118 277 A.
144 249 181 278 U·
205 246 276 278 ²¹5·
290 254 471 309 imagine
508 262 748 304 castrorum,
785 255 891 296 sicut
932 254 1105 295 Fabium
1141 254 1277 309 priore
1313 267 1423 293 anno
1457 252 1675 292 frustratus

143 310 210 346 42-
290 319 410 360 esset,
433 319 574 352 tenere
607 311 651 351 in
681 311 781 352 locis
811 312 999 353 consules
1029 311 1217 351 voluisse.
1282 309 1368 350 Ubi
1399 308 1549 358 illuxit,
1578 309 1707 352 sub-3

289 367 439 409 ductae
471 368 605 424 primo
636 368 845 418 stationes,
868 368 1021 410 deinde
1053 368 1222 424 propius
1253 366 1505 408 adeuntibus
1535 365 1676 406 insoli-

291 434 380 465 tum
417 425 629 466 silentium
665 425 984 467 admirationem
1024 425 1133 466 fecit.
1196 424 1286 465 Iam
1326 423 1423 464 satis
1463 431 1676 478 comperta

289 481 528 531 solitudine,
550 482 593 522 in
625 482 766 523 castris
796 497 1020 524 concursus
1050 482 1098 523 fit
1127 481 1181 522 ad
1210 480 1415 537 praetoria
1444 479 1674 527 consulum,

290 539 573 579 nuntiantium
595 538 735 594 fugam
757 539 939 580 hostium
961 539 1065 580 adeo
1087 538 1305 594 trepidam,
1324 546 1382 586 ut,
1402 535 1677 577 tabernaculis

290 596 506 645 stantibus,
537 605 668 636 castra
695 596 962 651 reliquerint:
996 611 1164 652 quoque
1192 595 1291 651 fuga
1318 594 1530 636 obscurior
1556 601 1674 642 esset,

291 653 456 693 crebros
478 652 603 693 etiam
631 653 795 694 relictos
823 654 951 709 ignes.
1016 652 1188 694 Clamor
1215 652 1313 693 inde
1343 660 1469 700 ortus,
1491 660 1539 691 ut
1559 650 1678 705 signa

291 709 463 764 proferri
495 710 699 759 iuberent,
724 710 1010 765 ducerentque
1041 710 1093 750 ad
1121 709 1432 765 persequendos
1458 708 1607 756 hostes,
1630 722 1677 748 ac

292 766 480 821 protinus
516 775 647 807 castra
687 767 934 822 diripienda.
999 767 1055 807 Et
1090 766 1233 807 consul
1275 766 1379 806 alter
1418 765 1533 806 velut
1568 779 1676 805 unus

294 823 436 863 turbae
469 823 657 864 militaris
688 833 785 865 erat.
848 823 1018 864 Paullus
1049 824 1175 864 etiam
1208 832 1333 879 atque
1364 823 1490 863 etiam
1522 821 1676 870 dicere,

292 879 597 934 providendum
638 881 1054 936 praecavendumque
1097 896 1196 921 esse.
1274 880 1504 927 Postremo,
1546 893 1676 933 quum

293 936 411 977 aliter
438 952 575 992 neque
603 937 852 978 seditionem
881 953 1019 994 neque
1048 937 1198 978 ducem
1226 936 1442 977 seditionis
1475 936 1677 977 sustinere

292 1002 443 1049 posset,
467 993 651 1034 Marium
684 994 894 1035 Statilium
922 995 1178 1051 praefectum
1210 1009 1305 1035 cum
1338 1003 1474 1034 turma
1505 993 1679 1033 Lucana

294 1050 556 1105 exploratum
578 1051 716 1091 mittit.
783 1052 882 1099 Qui,
906 1053 976 1092 ubi
1006 1051 1263 1106 adequitavit
1290 1051 1433 1106 portis,
1455 1050 1677 1090 subsistere

293 1116 412 1147 extra
434 1107 695 1147 munimenta
722 1108 869 1147 ceteris
891 1108 1021 1157 iussis,
1045 1108 1131 1163 ipse
1161 1123 1255 1148 curn
1284 1108 1447 1148 duobus
1468 1106 1679 1162 equitibus

294 1163 446 1203 vallum
469 1164 659 1203 intravit:
694 1164 1012 1220 speculatusque
1042 1164 1182 1205 omnia
1210 1179 1305 1205 cum
1334 1180 1432 1204 cura
1453 1163 1676 1212 renuntiat,

294 1220 466 1260 insidias
486 1220 672 1275 profecto
694 1236 805 1261 esse:
839 1221 956 1276 ignes
984 1222 1027 1261 in
1055 1230 1170 1277 parte
1199 1230 1438 1269 castrorum,
1462 1236 1568 1276 quae
1590 1235 1680 1260 ver-

292 1287 363 1332 gat
390 1277 433 1317 in
462 1277 636 1326 hostem,
659 1278 845 1318 relictos:
882 1278 1148 1319 tabernacula
1175 1287 1328 1333 aperta,
1352 1287 1394 1318 et
1421 1277 1560 1318 onmia
1586 1292 1681 1318 cara

294 1335 336 1373 in
358 1344 553 1389 promptu
582 1334 746 1375 relicta:
783 1345 1001 1391 argentum
1028 1335 1276 1391 quibusdam
1304 1335 1406 1375 locis
1428 1343 1584 1375 temere
1605 1349 1680 1389 per

294 1391 391 1439 vias,
414 1391 527 1431 velut
549 1391 757 1431 obiectum
783 1392 836 1432 ad
864 1392 1074 1448 praedam,
1097 1392 1259 1433 vidisse.
1327 1392 1447 1440 Quae
1469 1391 1522 1432 ad
1543 1391 1680 1432 deter-

294 1448 446 1488 rendos
467 1463 491 1487 a
511 1448 739 1503 cupiditate
762 1449 922 1490 animos
943 1450 1134 1490 nuntiata
1155 1460 1285 1499 erant,
1308 1465 1356 1490 ea
1377 1448 1676 1497 accenderuut3

294 1513 348 1553 ct,
371 1504 548 1545 clamore
571 1514 660 1545 orto
682 1520 706 1545 a
726 1505 939 1555 militibus,
965 1513 975 1530 ‘
989 1507 1030 1546 ni
1054 1507 1218 1561 signum
1240 1507 1374 1555 detur,
1394 1506 1481 1546 sine
1504 1505 1680 1546 ducibus

295 1562 474 1610 ‘it11rOS,'
502 1561 825 1617 haudquaquam
860 1563 945 1603 dux
980 1563 1135 1603 defuit:
1175 1579 1272 1604 nam
1306 1563 1518 1619 extemplo
1545 1562 1680 1603 Varro

294 1618 458 1673 signum
487 1618 605 1659 (ledit
631 1619 933 1674 proficiscendi.
998 1620 1179 1669 Paullus,
1203 1636 1333 1675 quum
1362 1621 1400 1661 ei
1428 1635 1502 1660 sua
1532 1629 1678 1676 sponte

294 1675 508 1715 cunctanti
530 1675 631 1730 pulli
654 1691 821 1731 quoque
840 1677 1023 1733 auspicio
1046 1692 1129 1717 non
1152 1677 1421 1725 addixissent,
1440 1677 1711 1721 obnuntiari4

295 1732 375 1772 iam
399 1732 586 1772 efferenti
608 1741 727 1787 porta
747 1733 863 1788 signa
891 1733 1073 1788 collegae
1095 1734 1223 1774 iussit.
1290 1734 1417 1782 Quod
1439 1748 1680 1789 quanquam

296 1788 428 1829 Varro
449 1804 569 1844 aegre
592 1798 654 1829 est
674 1805 828 1845 passus,
853 1790 1046 1830 Flaminii
1069 1800 1208 1832 tamen
1231 1806 1374 1831 recens
1396 1806 1524 1840 casus,
1551 1790 1679 1831 Clau-
1693 1805 1710 1836 5

296 1845 439 1900 diique
456 1846 636 1886 consulis
653 1846 786 1902 primo
808 1847 970 1888 Punico
987 1847 1095 1888 bello
1113 1858 1339 1888 memorata
1355 1847 1510 1888 navalis
1527 1847 1678 1896 clades,

297 1902 540 1957 religionem
570 1903 709 1943 animo
742 1904 923 1945 incussit.
1002 1904 1075 1944 Dii
1108 1920 1237 1960 prope
1266 1905 1344 1960 ipsi
1372 1920 1422 1945 co
1453 1905 1520 1945 die
1549 1905 1680 1960 magis

297 1959 505 2008 distulere,
529 1975 653 2015 quam
675 1961 937 2015 prohibuere,
961 1962 1250 2003 imminentem
1280 1973 1439 2017 pestem
1464 1962 1676 2002 Romanis.

88 2021 274 2059 Deprehen-
298 2015 409 2056 Nam
431 2017 535 2057 forte
567 2017 625 2058 ita
655 2018 806 2067 evenit,
830 2028 887 2067 ut,
911 2034 1042 2073 quum
1073 2019 1214 2059 referri
1243 2019 1360 2074 signa
1388 2019 1429 2059 in
1462 2028 1592 2060 castra
1616 2019 1677 2058 iu-

86 2064 214 2094 duntur.
296 2073 410 2113 beuti
447 2074 606 2114 consuli
644 2074 796 2115 milites
832 2091 916 2115 non
953 2085 1160 2131 parerent,
1194 2077 1299 2117 servi
1336 2076 1433 2125 duo,
1470 2075 1679 2117 Formiani

295 2145 415 2178 unus,
438 2131 541 2171 alter
564 2130 738 2171 Sidicini
767 2132 931 2187 equitis,
955 2133 1040 2188 qui,
1067 2132 1242 2173 Servilio
1270 2142 1395 2188 atque
1426 2133 1558 2174 Atilio
1580 2148 1680 2173 con-

294 2186 462 2235 sulibus,
486 2187 594 2228 inter
613 2188 874 2242 pabulatores
896 2190 1060 2244 excepti
1082 2205 1105 2230 a
1128 2189 1325 2229 Numidis
1345 2190 1521 2239 fuerant,
1539 2190 1680 2245 profu-

293 2252 439 2297 gerent
460 2259 509 2284 eo
541 2244 608 2284 die
640 2245 692 2284 ad
723 2244 935 2286 dominos:
971 2246 1043 2300 qui
1074 2246 1243 2287 deducti
1277 2246 1328 2286 ad
1360 2246 1549 2287 consules
1571 2262 1679 2287 nun-

294 2300 411 2349 tiant,
434 2316 602 2341 omnem
624 2301 853 2342 exercitum
878 2302 1126 2343 Hannibalis
1153 2311 1262 2343 trans
1284 2303 1495 2358 proximos
1517 2312 1678 2344 montes

293 2357 436 2397 sedere
468 2357 511 2397 in
543 2358 714 2398 insidiis.
778 2357 943 2399 Horum
975 2368 1234 2415 opportunus
1265 2360 1468 2401 adventus
1489 2360 1679 2401 consules

294 2413 456 2469 imperii
478 2423 668 2470 potentes
689 2415 799 2465 fecit,
823 2431 952 2471 quum
979 2417 1149 2458 ambitio
1170 2417 1338 2459 alterius
1359 2432 1475 2458 suam
1496 2418 1677 2474 primum

293 2471 404 2526 apud
426 2487 496 2512 eos
516 2487 641 2528 prava
661 2471 923 2528 indulgentia
944 2473 1200 2516 maiestatem
1222 2474 1417 2515 solvisset.

338 2633 354 2661 3
374 2626 491 2654 Tenere
507 2627 541 2655 z'n
557 2627 647 2664 locis]
670 2627 708 2657 cf.
723 2626 800 2657 Infr.
812 2626 899 2657 xxiii.
913 2639 963 2665 44.
1052 2637 1067 2666 5
1093 2628 1284 2668 (Yuudiique
1299 2629 1437 2659 consulis
1453 2652 1460 2659 .
1478 2651 1484 2659 .
1502 2651 1508 2659 .
1527 2651 1534 2658 .
1551 2629 1677 2658 navalis

294 2667 396 2695 tenuit
426 2667 523 2696 ‘imber
552 2670 717 2699 continens
750 2680 811 2708 per
843 2679 963 2700 omnem
1007 2671 1128 2707 clades]
1152 2670 1231 2700 Eius
1247 2670 1301 2709 qui
1318 2671 1435 2709 pullos,
1445 2669 1597 2708 quoniam
1614 2680 1675 2700 11οη

294 2712 422 2741 noctem,
439 2707 469 2736 h.
487 2718 512 2737 c.
530 2709 664 2739 duravit.
1009 2713 1231 2750 pascebantur,
1247 2712 1278 2742 in
1295 2722 1381 2742 mare
1398 2711 1599 2750 praecipitari
1616 2711 1676 2741 ius-

294 2790 297 2794 Α
336 2761 353 2786 4
378 2750 590 2787 Ohnmztiari]
632 2752 794 2787 Nuntiari,
818 2753 961 2792 auspicia
1006 2753 1056 2789 sit,
1078 2759 1112 2783 nt
1135 2756 1286 2789 biberent,
1309 2755 1436 2793 quando
1458 2764 1523 2783 esse
1547 2754 1675 2785 nollent.

291 2792 429 2820 infausta
446 2801 523 2825 esse,
540 2802 597 2821 nec
615 2794 745 2830 proinde
763 2795 857 2825 licere
875 2795 959 2833 quic-
1007 2796 1044 2825 cf.
1062 2795 1129 2826 Cic.
1147 2797 1186 2826 de
1205 2796 1279 2827 Div.
1297 2796 1316 2827 i.
1337 2794 1383 2825 16.
1413 2795 1485 2825 Val.
1504 2795 1595 2826 Max.
1613 2795 1632 2826 i.
1647 2808 1674 2834 4.

291 2842 385 2873 quam
404 2833 446 2863 rei
464 2843 564 2863 norae
580 2835 715 2871 aggredi.
