1877 3178
367 124 449 161 304
869 113 1014 156 TITI
1056 110 1232 152 LIVII

164 222 207 252 U.
223 222 262 252 C.
285 218 509 261 541.vectus
539 205 881 263 promontorium,
915 201 1121 257 Emporiis
1158 200 1258 239 urbe
1293 197 1453 237 Graeca
1483 194 1668 251 (oriundi
1699 203 1772 242 et7

160 265 214 336 {fe
216 264 263 335 1ξὲ
279 267 447 336 ἱξιΠ-1ρ51
469 281 493 306 a
521 265 714 306 Phocaea
743 262 859 315 sunt)
889 260 1026 315 copias
1047 256 1263 313 exposuit:
1297 254 1394 294 inde
1425 253 1541 307 sequi
1569 251 1741 292 navibus

370 324 500 372 lussis,
524 323 802 363 Tarraconem
831 317 1007 374 pedibus
1034 314 1253 371 profectuS,
1275 320 1526 352 conventum
1554 308 1739 349 omnium

371 382 574 422 sociorum
604 378 779 433 (etenim
810 375 1036 430 legationes
1069 371 1120 412 ad
1152 370 1302 410 famam
1335 368 1535 408 adventus
1567 366 1654 406 eius
1689 379 1742 405 ex

372 438 485 478 omni
514 452 555 477 se
586 435 798 491 provincia
825 429 1077 481 effuderant)
1098 427 1253 468 habuit.
1318 425 1456 465 Naves
1484 423 1541 463 ibi
1569 421 1743 462 subduci

372 495 500 543 iussit,
537 492 713 534 remissis
749 499 944 546 quattuor
983 486 1216 528 triremibus
1258 480 1594 528 Massiliensium,
1636 493 1741 533 quae

373 552 495 593 officii
527 565 647 592 causa
674 550 724 589 ab
750 548 873 588 domo
901 553 1139 601 prosecutae
1165 542 1339 581 fuerant.
1402 538 1618 592 Responsa
1645 534 1743 574 inde

373 608 645 662 legationibus
674 604 880 660 suspensis
901 602 1093 643 varietate
1120 608 1181 639 tot
1201 611 1368 638 casuum
1392 595 1488 635 dare
1517 593 1666 648 coepit,
1689 591 1746 631 ita

374 666 481 706 elato
503 667 552 705 ab
581 663 741 719 ingenti
762 662 957 701 virtutum
980 672 1144 698 suarum
1166 655 1317 695 fiducia
1337 653 1488 700 animo,
1511 660 1557 690 ut
1584 649 1745 689 nullum

374 723 489 763 ferox
510 722 681 762 verbum
703 719 935 764 excideret3
969 716 1196 770 ingensque
1219 711 1422 757 omnibus,
1446 723 1552 764 quae
1575 707 1744 753 diceret,

376 795 505 835 quum
522 779 712 819 maiestas
733 777 896 823 inesset,
915 782 1003 814 tum
1019 771 1132 812 fides.
1195 768 1409 809 Profectus
1430 767 1479 806 ab
1497 765 1745 811 Tarracone,

376 846 417 878 et
444 837 627 877 civitates
657 834 859 875 sociorum
887 839 928 871 et
952 830 1124 870 hiberna
1151 826 1355 867 exercitus
1384 823 1506 864 adiit:
1541 819 1747 862 collauda-

377 894 517 949 vitque
549 892 711 939 milites,
735 888 860 944 quod,
883 888 1042 927 duabus
1070 884 1194 925 tantis
1221 882 1405 923 cladibus
1436 879 1632 933 deinceps
1660 876 1745 925 icti,

376 950 629 1006 provinciam
658 947 955 988 obtinuissent:
998 957 1075 983 nec
1099 942 1277 981 fructum
1306 937 1579 979 secundarum
1610 948 1747 974 rerum

377 1008 528 1048 sentire
559 1007 697 1046 hostes
722 1003 839 1059 passi,
863 1001 975 1041 omni
1006 1000 1063 1039 cis
1088 998 1254 1038 Iberum
1284 1011 1381 1050 agro
1409 1009 1477 1034 eos
1509 992 1746 1038 arcuissent,

378 1065 591 1118 sociosque
614 1077 706 1102 cum
730 1060 811 1100 fide
834 1058 954 1099 tutati
975 1064 1119 1097 essent.
1183 1053 1388 1093 Marcium
1411 1065 1550 1091 secum
1571 1048 1749 1088 habebat

378 1137 473 1162 cum
504 1128 618 1160 tanto
650 1119 819 1165 honore,
842 1124 888 1155 ut
916 1113 1034 1154 facile
1066 1119 1293 1167 appareret,
1316 1108 1420 1149 nihil
1452 1107 1601 1153 minus,
1624 1115 1780 1159 quamS

378 1178 521 1226 vereri,
539 1192 591 1217 ne
606 1176 698 1231 quis
716 1175 895 1215 obstaret
909 1171 1062 1226 gloriae
1080 1183 1187 1208 suae.
1253 1165 1458 1206 Successit
1474 1163 1571 1203 inde
1590 1161 1750 1201 Neroni

382 1235 557 1283 Silanus,
580 1242 621 1274 et
642 1233 685 1272 in
710 1232 884 1271 hiberna
903 1227 999 1268 novi
1025 1226 1175 1266 milites
1200 1222 1380 1264 deducti.
1445 1220 1596 1275 Scipio,
1619 1217 1752 1258 omni—-

378 1294 467 1341 bus,
490 1306 594 1347 quae
617 1288 808 1331 adeunda
828 1285 1070 1342 agendaque
1092 1290 1220 1329 erant,
1238 1289 1396 1320 mature
1419 1277 1540 1318 aditis
1559 1274 1754 1331 peractis-

380 1366 475 1405 que,
517 1348 794 1388 Tarraconem
844 1341 1056 1384 concessit.
1119 1338 1264 1379 Nihilo
1314 1336 1448 1376 minor
1486 1334 1594 1374 fama
1642 1330 1753 1386 apud

381 1408 518 1447 hostes
542 1403 745 1460 Scipionis
776 1410 875 1450 erat,
898 1414 1022 1455 quam
1050 1396 1161 1452 apud
1191 1395 1299 1436 cives
1328 1392 1555 1446 sociosque,
1580 1397 1622 1430 et
1649 1388 1754 1429 divi-

384 1464 495 1503 natio
521 1461 723 1517 quaedam
744 1458 894 1505 futnri3
928 1471 1012 1511 quo
1032 1455 1168 1495 minus
1190 1452 1292 1492 ratio
1318 1449 1474 1490 timoris
1499 1446 1618 1488 reddi
1637 1454 1754 1502 pote-

383 1530 445 1561 rat
472 1519 605 1560 ohorti
636 1527 804 1565 temere,
834 1515 1029 1554 maiorem
1062 1511 1243 1551 inferens
1271 1516 1440 1548 metum.
1503 1504 1554 1544 In
1582 1504 1785 1547 hibernao

383 1577 533 1617 diversi
564 1582 873 1615 concesserant:
910 1568 1145 1610 Hasdrubal
1170 1565 1366 1620 Gisgonis
1387 1577 1518 1618 usque
1539 1561 1592 1602 ad
1622 1560 1756 1601 Ocea-

384 1648 484 1674 num
525 1641 566 1673 et
609 1631 770 1671 Gades:
820 1628 946 1682 Mago
982 1627 1025 1665 in
1065 1624 1377 1670 mediterranea,
1415 1619 1592 1659 maxime
1634 1631 1757 1672 supra

387 1689 732 1732 Castulonensem
753 1685 923 1726 saltum:
960 1680 1196 1722 Hasdrubal
1223 1677 1468 1719 Hamilcaris
1490 1676 1598 1716 filius
1618 1674 1758 1729 proxi-

385 1763 475 1788 mus
498 1746 618 1787 Ibero
640 1745 747 1784 circa
771 1742 1001 1796 Saguntum
1022 1737 1264 1778 hibernavit.

444 1803 625 1845 Aestatis
653 1801 740 1841 eius
761 1808 958 1845 extremo,
982 1811 1064 1851 qua
1084 1803 1203 1849 capta
1223 1801 1284 1833 est
1308 1791 1466 1845 Capua,
1489 1798 1531 1829 et
1554 1788 1692 1842 Scipio
1714 1787 1757 1826 in
1773 1801 1784 1821 1

388 1861 634 1917 Hispaniam
680 1857 806 1905 venit,
849 1854 1009 1895 Punica
1054 1851 1203 1898 classis,
1245 1864 1296 1889 ex
1344 1846 1482 1887 Sicilia
1528 1844 1758 1884 Tarentum

387 1920 516 1961 accita
536 1917 588 1958 ad
619 1914 817 1956 arcendos
846 1918 1099 1952 commeatus
1129 1905 1322 1963 praesidii
1353 1901 1547 1950 Romani,
1570 1900 1684 1956 quod
1713 1900 1758 1939 in

387 1992 477 2018 arce
510 1972 738 2015 Tarentina
767 1977 865 2017 erat,
891 1968 1090 2008 clauserat
1120 1964 1290 2019 quidem
1321 1975 1463 2002 omnes
1491 1958 1543 1999 ad
1570 1972 1705 1998 arcem
1736 1971 1760 1997 a

388 2033 489 2074 mari
511 2031 667 2078 aditus3
700 2027 772 2068 sed
787 2024 1003 2067 assidendo
1018 2022 1173 2063 diutius
1194 2019 1385 2060 artiorem
1400 2030 1607 2057 annonam
1627 2013 1758 2062 sociis,

389 2105 513 2146 quam
534 2087 655 2136 hosti,
672 2085 856 2126 faciebat.
919 2080 1019 2121 Non
1040 2079 1151 2120 enim
1169 2084 1330 2117 tantum
1351 2072 1523 2114 subvehi
1544 2070 1761 2127 oppidanis

390 2163 464 2204 per
484 2154 627 2202 pacata
647 2143 766 2183 litora
786 2148 1030 2196 apertosque
1052 2144 1195 2192 portus
1216 2131 1422 2189 praesidio
1443 2129 1611 2170 navium
1631 2127 1761 2168 Puni-

390 2219 529 2246 carum
559 2209 733 2258 poterat,
755 2205 957 2254 quantum
978 2192 1175 2234 frumenti
1205 2189 1342 2231 classis
1372 2189 1460 2243 ipsa
1484 2186 1603 2226 turba
1629 2183 1762 2225 navali

163 348 281 387 Hispa-

163 391 258 422 niani.

182 1829 305 1860 Punica

181 1872 288 1902 classis
302 1872 343 1901 ad

182 1915 369 1945 Tarentum.

438 2361 453 2392 7
472 2351 609 2382 Oriundi
625 2353 654 2379 et
668 2348 730 2386 ipsi
745 2358 764 2376 a
781 2345 944 2380 Phocaea]
967 2341 1055 2372 Huic
1100 2340 1131 2369 in
1148 2338 1262 2378 quibus
1276 2337 1315 2367 de
1332 2334 1475 2367 Massilia
1494 2333 1626 2372 scriptor
1641 2330 1762 2370 egisset.

394 2397 464 2426 loco
481 2393 624 2424 notulam
640 2391 722 2420 hanc
738 2386 886 2427 apposuit
902 2384 1055 2416 Clericus.
1102 2383 1206 2413 Cnssv.

394 2442 414 2453 ‘⁴
430 2439 482 2468 Ita
502 2434 641 2474 loquitur
658 2431 777 2467 Livius,
793 2429 877 2468 quod
893 2427 1056 2458 Gallicum
1144 2425 1162 2453 8
1185 2423 1280 2453 Nihil
1303 2422 1420 2457 minus,
1445 2419 1555 2459 quam]
1586 2414 1696 2447 Oratio
1720 2415 1762 2444 el-

396 2481 497 2510 sinum
525 2485 703 2507 memorans
726 2472 890 2511 cogitasset
913 2470 952 2499 de
973 2469 1057 2499 Mas·
1103 2466 1225 2505 liptica,
1255 2462 1523 2502 quemadmodum
1560 2459 1644 2488 nihil
1674 2457 1765 2487 aliud

396 2522 466 2552 silia
489 2520 554 2550 illic
577 2518 648 2554 sita,
663 2520 695 2546 et
717 2526 736 2545 a
760 2513 926 2548 Phocaeis,
946 2514 981 2541 ut
1003 2520 1056 2540 no-
1100 2519 1207 2549 quam,
1222 2507 1289 2536 sub.
1305 2515 1407 2544 ayere.

397 2568 465 2593 tum
487 2567 544 2599 est,
561 2561 636 2591 olim
653 2557 790 2589 condita.
835 2557 950 2593 Itaque
966 2562 1058 2582 voces

397 2606 457 2635 hae
472 2610 501 2635 et
516 2605 577 2643 ipsi
595 2601 698 2642 potius
714 2610 785 2630 cum
804 2596 991 2636 cogitatione
1008 2594 1059 2624 Li-

400 2647 451 2682 vii,
461 2656 554 2685 quam
573 2654 645 2674 cum
659 2643 725 2673 eius
740 2640 882 2671 oratione
898 2646 1060 2668 connexae

399 2691 504 2718 sunt.''
549 2686 651 2716 Nobis
673 2684 808 2723 suspicio
832 2681 930 2711 oritur
952 2690 990 2709 ex
1012 2689 1060 2715 eo,

400 2730 485 2767 quod
512 2729 592 2757 infra
616 2726 735 2756 mentio
760 2725 794 2755 fit
817 2725 856 2754 de
882 2721 1061 2752 triremibus

401 2769 648 2801 Massiliensium
661 2767 843 2805 Scipionem
855 2764 949 2794 officii
967 2772 1062 2793 causa

401 2814 440 2842 ab
457 2813 550 2841 domo
568 2809 749 2849 prosecutis,
763 2808 795 2837 in
814 2806 992 2836 narratione
1008 2814 1061 2834 na-

403 2852 568 2893 vigationis
580 2851 646 2880 eius
661 2850 781 2887 aliquot
794 2847 946 2878 excidisse
960 2855 1062 2882 voceS‚

1144 2561 1163 2591 9
1186 2550 1344 2579 Maiorem
1367 2547 1508 2584 inferens
1530 2543 1661 2579 metum]
1691 2542 1764 2572 Sae-

1104 2592 1175 2632 pius
1189 2602 1223 2622 eo
1241 2589 1359 2620 omittit
1376 2587 1495 2623 Livius,
1511 2589 1546 2615 ut
1560 2585 1592 2614 in
1608 2585 1668 2614 hoc
1683 2584 1764 2619 loco,

1104 2644 1203 2673 quum
1227 2631 1401 2672 particulae
1424 2640 1484 2669 quo
1502 2627 1690 2667 respondere
1712 2625 1763 2654 de-

1104 2678 1259 2754 hefft-Qua
1275 2719 1368 2754 capta
1384 2715 1445 2751 est]
1477 2714 1545 2749 Quo
1561 2711 1632 2741 edd.
1648 2710 1764 2748 plures,

1105 2761 1159 2791 sed
1190 2759 1332 2789 Perizon.
1363 2766 1400 2786 ex
1436 2754 1556 2784 ratione
1585 2756 1764 2790 temporum

1105 2813 1169 2842 qua
1184 2800 1384 2831 scribendum
1400 2798 1521 2836 probat.
