1871 3178
489 90 612 130 Lll3.
648 88 818 128 XXIX.
863 88 1007 128 (JAP.
1048 93 1108 128 16.
1411 93 1492 131 475

111 186 122 204 ⁶
139 196 219 237 que
242 194 383 220 earum
406 179 662 220 coloniarum
686 179 864 218 militum
887 177 1113 232 plurimum
1136 177 1317 218 dedisset
1340 178 1494 233 populo
1514 189 1553 220 U.
1571 190 1607 219 (J.
1632 190 1702 228 548·

112 244 123 260 ‘
143 237 347 285 Romano,
371 251 422 276 cx
449 252 532 291 quo
565 236 700 276 hostes
733 235 774 274 in
801 233 920 274 Italia
948 243 1097 281 csscut,
1120 233 1376 287 duplicatum
1407 234 1547 275 ciusA-
1573 232 1609 262 C·
1635 241 1703 268 ²0⁴·

113 299 324 333 ‘summac
366 308 585 332 numerum
629 291 817 347 peditum
855 290 984 338 daret,
1022 298 1063 329 et
1099 290 1262 344 equites
1298 300 1495 331 centenos

113 350 321 390 ‘viccn‹)s.
387 350 429 389 Si
466 364 549 404 qua
584 364 679 389 eum
718 361 936 387 numerum
974 346 1164 400 equitum
1201 346 1368 400 explere
1412 363 1493 387 uon

114 413 124 429 ‘
142 415 292 461 posset,
315 421 389 461 pro
420 406 560 460 equite
591 420 673 445 uno
701 414 782 444 tres
810 403 972 458 pedites
1003 402 1147 443 liceret
1175 402 1299 442 dare:
1334 404 1496 459 pedites

115 464 388 517 ‘equitesque
421 477 545 517 quam
583 460 892 516 locupletissimi
928 459 1178 513 legerentur,
1214 459 1497 500 mitterentur-

115 525 238 573 ‘que,
272 520 524 574 ubicumque
562 527 678 558 extra
717 517 875 557 Italiam
913 516 1204 571 supplemento
1239 531 1342 571 opus
1377 526 1495 558 esset.

116 580 126 598 ‘
146 576 189 615 Si
212 576 283 630 qui
306 591 357 616 cx
380 576 428 615 iis
450 583 698 623 recusarent,
722 573 891 613 retineri
917 573 1006 613 eius
1027 572 1214 613 coloniae
1237 573 1498 627 magistratus

116 632 383 687 ‘legatosque
412 632 599 687 placere:
634 646 786 685 neque,
816 630 849 669 si
878 629 1148 684 postularent,
1177 638 1366 669 senatum
1395 630 1497 679 dari,

116 694 127 712 ‘
144 690 384 744 priusquam
416 689 615 743 imperata
642 688 844 727 fecissent.
911 686 1176 741 Stipendium
1207 695 1421 741 praeterea
1451 686 1500 726 iis

85 745 315 786 2‘coloniis
348 745 389 784 in
424 745 553 784 millia
588 744 692 784 aeris
723 758 830 784 asses
863 742 1046 798 singulos
1076 743 1271 798 imperari
1304 743 1499 798 exigique

86 802 392 856 3‘quotannis:
426 815 681 855 censumque
714 800 758 840 in
789 800 838 839 iis
865 799 1038 840 coloniis
1066 799 1131 854 agi
1163 814 1215 839 ex
1241 799 1419 840 formula
1449 800 1501 840 ab

117 858 349 899 ‘Romanis
374 858 613 898 censoribus
638 857 745 897 data.
809 856 913 896 Dari
941 865 1082 896 autem
1113 855 1276 911 placere
1308 857 1499 904 eandem,

117 921 270 970 ‘quam
310 914 466 970 populo
503 914 721 954 Romano:
771 913 1006 968 deferrique
1049 912 1229 953 Romam
1270 913 1321 953 ab
1357 913 1501 953 iuratis

118 972 383 1012 ‘censoribus
428 971 698 1019 coloniarum,
742 970 984 1025 priusquam
1030 969 1272 1023 magistratu
1314 970 1502 1009 abirent.⁷

118 1028 184 1068 Ex
212 1028 291 1069 hoc
319 1027 689 1075 senatusconsulto,
712 1027 853 1066 accitis
877 1026 1056 1066 Romam
1084 1026 1390 1080 magistratibus
1417 1026 1502 1080 pri-

118 1085 384 1139 moribusque
408 1099 550 1124 earum
572 1083 841 1131 coloniarum,
864 1082 1053 1122 consules
1074 1097 1205 1137 quum
1234 1082 1408 1122 militem
1431 1082 1503 1122 sti-

117 1141 404 1197 pendiumque
427 1141 711 1195 imperassent,
734 1139 802 1179 alii
828 1139 917 1179 aliis
945 1139 1075 1193 magis
1096 1153 1283 1179 recusare
1306 1154 1352 1179 ac
1374 1139 1503 1179 recla-

88 1212 241 1238 4mare.
305 1197 472 1252 Negare
525 1203 535 1220 ‘
553 1206 714 1237 tantum
760 1195 941 1236 militum
988 1195 1095 1235 effici
1146 1210 1290 1250 posse:
1343 1195 1425 1244 vix,
1469 1195 1503 1235 si

89 1254 344 1309 5‘simplum
377 1269 430 1294 ex
461 1253 636 1293 formula
670 1253 908 1307 imperetur,
943 1252 1154 1292 enisuros?
1216 1252 1345 1292 Orare
1377 1261 1502 1307 atque

119 1311 347 1359 obsecrare,
396 1316 470 1350 ‘ut
510 1310 586 1350 sibi
626 1319 817 1350 senatum
857 1309 970 1348 adire
1011 1324 1057 1348 ac
1092 1307 1307 1364 deprecari
1346 1308 1501 1349 liceret.

121 1373 133 1391 ‘
151 1367 272 1408 Nihil
293 1382 348 1416 se,
373 1382 499 1422 quare
521 1366 655 1422 perire
683 1366 831 1406 merito
853 1365 1066 1413 deberent,
1091 1365 1328 1405 admisisse:
1362 1365 1447 1413 sed,
1471 1365 1505 1405 si

122 1424 411 1480 ‘pereundum
454 1424 579 1463 etiam
620 1423 738 1471 foret,
776 1436 913 1476 neque
954 1436 1075 1461 suum
1116 1420 1329 1470 delictum,
1366 1436 1504 1476 neque

123 1482 252 1521 ‘iram
283 1480 428 1536 populi
456 1479 651 1527 Romani,
679 1488 724 1519 ut
754 1478 847 1533 plus
878 1477 1058 1518 militum
1089 1477 1248 1526 darent,
1276 1493 1401 1532 quam
1432 1478 1506 1518 ha-

123 1543 135 1560 ‘
149 1538 310 1585 berent,
333 1552 451 1591 posse
474 1536 661 1576 efficere.’
715 1533 921 1575 Consules
942 1534 1136 1574 obstinati
1159 1549 1326 1574 manere
1348 1534 1505 1589 legatos

123 1593 284 1634 Romae
313 1593 485 1641 iubent3
518 1592 780 1647 magistratus
808 1592 866 1630 ire
889 1590 1033 1631 domos
1060 1590 1113 1630 ad
1135 1590 1321 1630 delectus
1349 1591 1506 1631 haben-

122 1650 222 1690 dos:
263 1650 343 1689 nisi
378 1664 539 1689 summa
574 1649 766 1696 militum,
796 1662 901 1702 quae
938 1647 1140 1702 imperata
1171 1655 1290 1695 esset,
1325 1646 1506 1687 Romam

123 1706 315 1754 adducta,
337 1706 551 1746 neminem
579 1706 628 1745 iis
655 1713 844 1745 senatum
867 1703 1073 1744 daturum.
1137 1701 1201 1743 Ita
1225 1704 1408 1758 praecisa
1433 1718 1504 1758 spe

123 1771 315 1803 senatum
343 1761 526 1803 adeundi
547 1761 897 1816 deprecandique,
920 1759 1106 1801 delectus
1134 1759 1178 1799 in
1206 1759 1255 1799 iis
1283 1759 1507 1800 duodecim

123 1819 308 1867 coloniis,
331 1834 406 1874 per
434 1818 601 1873 longam
632 1817 891 1858 vacationem
922 1831 1098 1857 numero
1128 1816 1340 1856 iuniorum
1371 1825 1506 1865 aucto,

123 1875 236 1916 haud
257 1875 480 1916 difficulter
501 1885 562 1915 est
582 1874 801 1929 perfectus.

92 1935 111 1967 6
183 1932 330 1972 Altera
350 1932 449 1972 item
470 1946 547 1979 reS,
570 1945 698 1985 prope
720 1944 852 1983 aeque
877 1929 1002 1983 longo
1029 1929 1220 1983 neglecta
1243 1929 1421 1978 silentio,
1444 1944 1508 1969 re·
1587 1933 1650 1971 16.

124 1988 207 2028 lata
228 2003 251 2028 a
273 1988 334 2028 M.
354 1987 523 2027 Valerio
545 1987 731 2026 Laevino
760 1994 833 2025 est.
900 1985 998 2032 Qui,
1033 1990 1043 2007 ⁵
1058 1985 1228 2038 privatis
1249 1985 1415 2025 collatas
1435 2000 1508 2040 pe·
1522 1987 1660 2035 privatis

128 2051 139 2068 ⁶
155 2045 310 2093 eunias,
325 2059 368 2084 se
386 2058 432 2089 ac
449 2042 510 2083 M.
530 2042 708 2083 Claudio
725 2041 976 2089 consulibus,
994 2040 1113 2080 reddi
1131 2040 1312 2089 tandem,
1327 2056 1507 2096 aequum
1521 2030 1691 2100 {fflffiucrol

128 2101 261 2141 ‘esse'
294 2100 411 2140 dixit.
476 2105 487 2122 ⁶
504 2098 597 2139 Nee
631 2098 768 2138 mirari
796 2111 1050 2152 quemquam
1078 2097 1241 2146 debere,
1269 2097 1313 2137 in
1343 2097 1589 2153 publica1ata
1605 2122 1699 2151 pecu-

129 2157 337 2212 ‘obligata
362 2156 445 2196 fide
474 2170 589 2195 suam
617 2155 883 2209 praeeipuam
913 2168 1054 2193 curam
1082 2168 1181 2193 esse.
1244 2153 1369 2202 Nam,
1391 2169 1511 2210 prae-
1523 2154 1586 2185 nia.

129 2219 141 2238 ⁶
157 2221 346 2268 terquam
368 2212 482 2268 quod
503 2211 663 2267 aliquid
683 2210 846 2266 proprie
869 2209 922 2250 ad
944 2209 1156 2250 consulem
1178 2210 1267 2250 eius
1293 2211 1403 2259 anni,
1427 2226 1511 2266 quo

131 2276 141 2293 ‘
158 2269 329 2310 collatae
350 2269 553 2325 pecuniae
575 2277 724 2317 essent,
748 2267 988 2322 pertineret,
1012 2266 1137 2306 etiam
1158 2281 1200 2306 se
1223 2276 1435 2307 auctorem
1456 2268 1513 2307 ita

175 2438 192 2458 2
216 2430 258 2458 In
275 2430 374 2458 millia
391 2428 492 2467 aeris]
520 2429 643 2460 Census
659 2429 744 2458 enim
766 2429 799 2458 in
845 2426 951 2466 retur]
980 2426 1131 2463 Intellige
1147 2428 1331 2455 consuetam
1347 2425 1462 2463 legem,
1475 2435 1513 2455 ex

132 2471 254 2509 singula
271 2470 352 2499 aeris
371 2470 474 2499 millia
495 2480 620 2509 semper
638 2472 800 2509 agebatur.
846 2480 908 2507 qua
933 2473 1036 2498 certus
1059 2477 1209 2497 numerus
1233 2467 1373 2496 militum
1400 2466 1515 2505 cuique

134 2513 173 2543 cf.
191 2511 326 2541 Niebhr.
348 2512 379 2541 ii.
402 2522 432 2542 n.
455 2513 525 2552 889.
549 2512 621 2542 infr.
640 2512 752 2542 xxxix,
774 2520 800 2550 7.
846 2510 991 2540 coloniae
1004 2510 1231 2547 imperabatur.
1250 2508 1514 2555 cf.su.p·.xxii.57.

134 2557 166 2584 et
182 2564 232 2591 44.
889 2562 905 2590 5
930 2550 1106 2589 Enisuros]
1133 2560 1174 2580 sc.
1191 2550 1288 2580 Omni
1309 2560 1423 2580 rmum
1445 2560 1516 2580 nisu

179 2605 196 2634 3
221 2596 276 2624 Ea?
290 2595 436 2631 formula
459 2596 498 2634 ab
521 2596 674 2624 Romanis
700 2605 802 2625 censo·
848 2594 879 2623 id
896 2594 1074 2622 effecturos.

135 2638 225 2667 ribus
254 2636 346 2675 data]
389 2637 429 2666 In
460 2646 524 2674 qua
552 2647 603 2666 res
637 2637 803 2674 mancipii,
896 2634 915 2664 6
939 2636 1048 2673 Prope
1074 2644 1173 2674 aeque
1199 2632 1307 2672 longo]
1348 2634 1421 2663 Imo
1449 2635 1515 2664 lon-

136 2689 219 2718 quae
235 2678 342 2708 censui
356 2677 614 2714 subiiciebantur,
627 2687 689 2715 quo
702 2677 804 2716 pretio
848 2676 943 2715 giore.
984 2676 1149 2714 Siquidem
1173 2675 1322 2705 Marcelli
1349 2680 1380 2705 et
1404 2675 1515 2706 Laevi-

137 2721 281 2759 singulae
301 2719 519 2750 aestimandae
540 2722 656 2756 essent,
674 2718 803 2758 perscri-
850 2718 882 2748 ni
909 2718 1095 2747 consulatus
1121 2717 1154 2747 in
1178 2727 1298 2747 annum
1322 2717 1365 2747 U.
1382 2718 1420 2748 C.
1445 2727 1516 2756 542.

138 2763 303 2793 bebantur.
328 2761 463 2792 Niebhr.
479 2761 498 2791 i.
515 2771 546 2791 n.
566 2770 658 2798 1044,
678 2770 765 2799 1045.
850 2759 974 2797 incidit,
991 2759 1082 2791 Fabii
1100 2763 1130 2790 et
1149 2759 1256 2790 Fulvii
1273 2759 1305 2789 in
1322 2763 1517 2798 sequentem.

182 2814 201 2841 4
223 2805 256 2835 Si
286 2804 433 2843 simplum
464 2814 503 2834 ex
533 2803 680 2840 formula
711 2803 805 2841 impe·
851 2802 958 2832 CREY.
