1877 3178
166 220 356 258 U.C.540.

165 262 357 293 AC.212.

170 850 335 891 Reliquias

171 895 265 924 Rom.
283 903 349 932 per-

171 936 312 974 sequitur

172 977 355 1008 Hasdrubal

170 1020 316 1059 Gisgonis
328 1019 363 1049 F.

167 1079 289 1109 Luctus
298 1078 366 1109 11111

170 1122 308 1152 Roman.

174 1588 270 1618 Arma
284 1591 329 1618 ta-

172 1641 245 1660 men
261 1630 343 1670 capi-

172 1677 238 1703 unt.

175 1927 298 1956 Poenos
313 1936 357 1957 re-

174 1969 307 2007 pellunt.

365 123 446 164 274
863 119 1008 162 TITI
1049 118 1225 161 LIVII

368 219 458 252 ctus
477 210 619 252 fuerat.
682 210 778 259 Hic,
800 218 842 251 et
866 225 918 251 ex
938 209 1035 266 fuga
1061 208 1243 250 collectis
1263 208 1473 259 militibus,
1495 218 1536 251 et
1563 210 1732 275 quibus-

369 269 465 309 dam
485 268 536 308 de
555 267 765 332 praesidiis
786 267 986 316 deductis,
1002 265 1115 307 haud
1135 266 1486 307 contemnendum
1505 268 1730 308 exercitum

370 326 534 374 fecerat,
564 325 837 388 iunxeiatque
873 339 966 365 cum
997 324 1047 364 T.
1071 323 1243 364 Fonteio
1278 323 1326 364 P.
1352 322 1554 388 Scipionis
1582 324 1727 388 legato.
1744 337 1761 368 5

375 382 457 424 Sed
497 390 657 423 tantum
691 381 893 437 praestitit
927 396 1052 436 eques
1093 380 1305 421 Romanus
1344 381 1584 421 auctoritate
1623 381 1732 421 inter

372 440 522 480 milites
548 448 671 494 atque
700 439 867 487 honore,
890 447 947 487 ut,
970 438 1109 479 castris
1139 437 1240 478 citra
1260 437 1426 478 Iberum
1456 438 1730 501 communitis,

373 512 500 552 quum
529 495 676 536 ducem
698 496 954 536 exercituum
982 494 1156 535 comitiis
1177 494 1421 534 militaribus
1441 494 1569 535 creari
1592 494 1732 549 placu-

372 555 480 602 isset,
513 553 734 593 subeuntes
766 552 834 593 alii
867 552 954 593 aliis
986 552 1029 591 in
1061 551 1286 592 custodiam
1314 551 1407 591 valli
1442 551 1732 605 stationesque,

373 611 505 651 donec
537 624 610 665 per
644 624 785 650 omnes
816 609 1052 664 suffragium
1087 609 1175 657 iret,
1207 608 1259 648 ad
1290 608 1338 649 L.
1360 607 1565 649 Marcium
1595 608 1734 648 cuncti

374 682 575 708 summam
595 666 755 722 imperii
771 666 1005 707 detulerint
1069 665 1204 706 Omne
1220 665 1316 706 inde
1339 674 1500 721 tempus
1517 665 1734 720 (exiguum

374 724 417 765 id
429 724 526 779 fuit)
539 723 773 764 muniendis
793 723 932 763 castris
948 722 1308 778 convehendisque
1322 722 1617 763 commeatibus
1637 736 1735 762 con-

375 790 606 836 sumptum:
649 789 691 821 et
720 781 858 821 omnia
889 780 1060 835 imperia
1088 779 1249 828 milites,
1272 794 1401 834 quum
1431 779 1618 835 impigre,
1646 787 1736 819 tum

374 838 694 893 haudquaquam
737 837 896 878 abiecto
934 837 1084 885 animo,
1126 837 1465 891 exsequebantur.
1537 835 1735 876 Ceterum

374 903 591 950 postquam
623 893 925 934 Hasdrubalem
958 893 1164 948 Gisgonis,
1195 893 1430 933 venientem
1463 893 1514 933 ad
1544 892 1736 948 reliquias

375 951 472 992 belli
497 951 704 1015 delendas,
728 950 914 990 transisse
946 949 1125 999 Iberum,
1147 958 1189 990 et
1213 950 1541 1005 appropinquare
1567 949 1735 990 allatum

377 1016 451 1056 est,
484 1008 728 1063 signumque
762 1021 923 1062 pugnae
954 1007 1207 1062 propositum
1235 1008 1285 1047 ab
1317 1022 1423 1047 novo
1453 1006 1557 1047 duce
1586 1006 1737 1046 milites

376 1065 586 1112 viderunt,
613 1079 632 1103 r
635 1063 828 1112 eeordati,
838 1078 940 1117 quos
952 1063 1097 1126 paullo
1103 1071 1196 1103 ante
1210 1064 1473 1118 imperatores
1486 1063 1735 1112 habuissent,

376 1121 606 1177 quibusque
640 1128 682 1160 et
715 1120 888 1160 ducibus
923 1128 964 1160 et
993 1120 1120 1174 copiis
1150 1119 1244 1159 freti
1273 1119 1436 1174 prodire
1472 1120 1524 1160 ad
1554 1135 1737 1175 pugnam

375 1178 482 1219 soliti
503 1184 650 1226 essent,
671 1177 768 1217 flere
791 1191 932 1216 omnes
952 1184 1121 1231 repente
1139 1184 1180 1216 et
1200 1176 1398 1216 offensare
1420 1177 1574 1231 capita:
1608 1184 1649 1217 et
1669 1176 1736 1217 alii

375 1249 520 1275 manus
536 1234 588 1274 ad
603 1233 763 1274 coelum
780 1232 962 1281 tendere,
980 1233 1078 1273 deos
1094 1233 1348 1273 incusantes:
1381 1232 1460 1282 alii,
1478 1232 1592 1273 strati
1607 1232 1736 1281 humi,

375 1307 495 1332 suum
517 1291 691 1346 quisque
720 1290 964 1330 nominatim
993 1289 1141 1330 ducem
1168 1289 1408 1345 implmare.
1442 1304 1577 1345 neque
1606 1289 1739 1330 sedari

375 1348 612 1389 lamentatio
633 1355 805 1403 poterat,
828 1347 1101 1388 excitantibus
1122 1346 1430 1387 centurionibus
1450 1346 1737 1411 manipulares,

377 1414 418 1445 et
438 1406 525 1460 ipso
547 1404 752 1445 mulcente
774 1414 815 1445 et
840 1405 1077 1459 increpante
1101 1403 1310 1467 Marcio,‘
1326 1403 1464 1458 (1111(1
1456 1419 1498 1443 111
1519 1404 1739 1444 muliebres

378 1467 389 1485 ‘
405 1470 446 1502 et
467 1462 631 1502 inutiles
652 1476 692 1501 se
724 1461 989 1516 proiecissent
1008 1461 1127 1501 fletus
1148 1461 1296 1516 potius,
1319 1475 1442 1515 quam
1463 1460 1515 1500 ad
1546 1460 1738 1501 tutandos

380 1524 390 1542 ⁶
406 1526 535 1559 semet
556 1519 663 1582 ipsos
691 1526 732 1558 et
752 1517 1046 1573 rempublicam
1068 1532 1206 1558 secum
1234 1526 1428 1558 acuerent
1449 1517 1653 1558 animos?’
1683 1525 1736 1566 et,

380 1581 390 1599 ‘
406 1591 457 1615 ne
480 1575 632 1615 inultos
653 1575 916 1630 imperatores
937 1590 1029 1615 suos
1046 1574 1177 1614 iacere
1199 1575 1402 1615 5111616111;
1414 1575 1582 1629 ’quum
1604 1575 1738 1615 subito

377 1632 530 1673 clamor
559 1632 831 1686 tubarumque
853 1646 975 1671 sonus
1005 1631 1105 1686 (iam
1133 1631 1243 1671 enim
1273 1646 1399 1695 prope
1421 1631 1571 1671 vallum
1602 1631 1739 1672 hostes

379 1688 514 1743 erant)
539 1688 769 1728 exauditur.
831 1687 948 1736 Inde,
971 1702 1086 1728 verso
1113 1696 1282 1742 repente
1310 1688 1354 1727 in
1382 1688 1484 1728 iram
1508 1688 1635 1737 luctu,
1657 1688 1771 1728 dis-6

378 1760 538 1786 cni-'rere
574 1745 626 1785 ad
661 1759 793 1785 arma:
836 1759 895 1793 ac,
932 1744 1044 1784 velut
1076 1744 1235 1784 accensi
1266 1744 1389 1793 rabie,
1423 1744 1657 1786 discurrunt
1686 1745 1739 1786 ad

378 1811 525 1858 portas,
557 1810 598 1842 et
624 1801 667 1842 in
694 1801 867 1849 hostem,
896 1800 1152 1856 negligenter
1179 1809 1301 1864 atque
1330 1800 1599 1855 incomposite
1625 1802 1739 1842 veni-

379 1868 529 1908 entem,
547 1859 773 1898 1116111111111
836 1857 1082 1912 Extemplo
1073 1857 1291 1912 improvisa
1305 1871 1367 1896 res
1383 1872 1574 1912 pavorem
1590 1857 1739 1898 incutit

379 1916 551 1957 Poenis:
585 1914 914 1970 mirabundique,
936 1914 1046 1954 unde
1077 1923 1139 1954 tot
1168 1914 1304 1954 hostes
1331 1922 1414 1954 tam
1442 1914 1576 1954 subito
1607 1914 1739 1955 exorti

378 1988 504 2028 prope
545 1972 681 2013 deleto
720 1972 904 2012 exercitu
936 1971 1081 2019 forent,
1118 1970 1227 2010 unde
1264 1978 1378 2010 tanta
1411 1970 1592 2019 audacia,
1626 1979 1740 2012 tanta

380 2030 532 2070 fiducia
552 2029 613 2069 sui
627 2028 742 2069 victis
763 2044 808 2068 ac
829 2028 988 2083 fugatis,
1007 2027 1098 2082 quis
1118 2027 1339 2082 imperator
1359 2026 1518 2068 duobus
1537 2026 1739 2083 Scipioni-

378 2087 453 2127 bus
474 2086 598 2127 caesis
619 2085 851 2133 exstitisset,
873 2085 964 2139 quis
985 2085 1123 2124 castris
1142 2092 1357 2139 praeesset,
1373 2084 1464 2139 quis
1484 2084 1646 2140 signum
1667 2084 1739 2125 de-

377 2143 504 2184 disset
530 2157 705 2198 pugnae,
728 2142 779 2182 ad
800 2141 900 2182 haec
929 2150 989 2181 tot
1019 2150 1101 2181 tam
1122 2140 1366 2196 necopinata
1392 2141 1524 2196 plimo
1554 2141 1737 2181 omnium

378 2200 524 2240 incerti
551 2208 843 2254 stupentesque
865 2198 1046 2238 referunt
1073 2197 1246 2253 pedem:
1281 2197 1390 2246 dein,
1412 2197 1579 2238 valida
1569 2212 1736 2253 111111165-

379 2257 491 2297 510116
513 2256 631 2311 1111151,
655 2264 767 2310 te1ga
786 2263 961 2296 ver.tunt
1024 2254 1079 2294 Et
1099 2262 1169 2295 aut
1187 2254 1433 2309 fugientium
1454 2254 1599 2295 caedes
1619 2255 1741 2295 foeda

378 2314 531 2362 fuisset,
553 2321 623 2353 aut
648 2312 884 2352 temeralius
904 2286 1257 2375 periculosusqueD
1267 2311 1527 2365 sequentium
1548 2311 1737 2367 impetuS,

379 2370 422 2410 ni
451 2369 633 2410 Marcius
653 2383 825 2424 propere
852 2368 1035 2423 receptui
1056 2367 1233 2407 dedisset
1260 2367 1435 2422 signum,
1458 2368 1737 2423 obsistensque

379 2426 431 2467 ad
458 2427 589 2491 prima
618 2426 743 2489 signa,
767 2425 965 2480 quosdam
995 2434 1036 2465 et
1065 2424 1151 2480 ipse
1181 2424 1374 2473 retinens,
1401 2424 1645 2465 concitatam
1674 2440 1739 2466 re-

379 2484 587 2547 pressisset
606 2482 746 2523 aciem.
808 2481 943 2521 Inde
933 2496 976 2521 111
997 2489 1126 2521 castra
1145 2480 1283 2521 avidos
1304 2480 1438 2522 adhuc
1459 2481 1675 2536 caedisque
1697 2490 1739 2522 et

379 2541 586 2595 sanguinis
608 2538 783 2580 reduxit.
848 2537 1226 2602 Carthaginienses,
1244 2537 1401 2602 trepide
1422 2538 1554 2593 primo
1575 2539 1625 2578 ab
1645 2538 1739 2579 hos-

381 2596 481 2636 tium
503 2597 608 2637 vallo
633 2596 724 2644 acti,
747 2604 961 2650 postquam
983 2594 1191 2635 neminem
1217 2594 1378 2649 insequi
1398 2594 1602 2642 viderunt,
1625 2603 1736 2635 metu

438 2765 453 2794 5
488 2759 720 2796 harenaque]
777 2757 815 2787 cf.
851 2758 942 2796 Supr.
989 2766 1036 2795 35.
1123 2756 1141 2786 6
1164 2757 1353 2787 Discurrere
1379 2758 1421 2786 ad
1445 2758 1550 2793 arma]
1581 2755 1652 2784 Vox
1675 2755 1733 2784 dis-

382 2808 477 2835 quum
493 2799 501 2826 i
508 2800 591 2827 uncti
607 2803 719 2835 essent,
730 2802 761 2828 et
777 2809 857 2836 quae
872 2799 915 2827 ibi
932 2802 1038 2828 notata
1081 2808 1208 2828 currere
1230 2799 1318 2827 abest
1340 2799 1379 2827 ab
1403 2808 1464 2826 uuo
1486 2806 1547 2833 lus„
1566 2800 1645 2825 teste
1669 2796 1733 2827 Iac.

382 2842 461 2868 511111.
1083 2839 1220 2869 Gronov.
1237 2843 1267 2869 et
1285 2839 1432 2870 Bekkero
1447 2841 1590 2876 suspecta
1607 2841 1661 2868 est.
