1809 3178
512 110 636 151 LIB.
670 110 818 151 XXII.
860 111 997 152 CAP.
1032 117 1097 153 31.
1441 118 1490 157 91

126 197 212 238 ‘his
243 198 335 248 tuis,
358 208 516 240 servato
547 215 593 240 ac
623 199 912 247 conservatori,
944 200 996 239 sit
1025 199 1138 248 felix,
1169 201 1244 240 snb
1277 201 1700 256 iiiiperi1111111.‹·.535.

126 255 462 311 ‘auspiciumque
509 266 625 297 tuum
667 256 802 305 redeo,
844 265 886 296 ct
929 257 1047 311 signa
1087 257 1188 297 baec
1230 257 1493 314 legionesque
1509 256 1545 284 A.
1570 257 1607 285 (5.
1632 264 1701 293 2¹7·

125 313 330 354 ‘restitum
393 314 473 363 Tu,
497 329 661 370 quaeso,
684 313 868 369 placatus
895 329 960 354 rne
990 314 1268 368 magisterium
1292 315 1493 369 equitum,

98 369 222 409 t‘hos
244 371 408 411 ordines
437 387 531 412 suos
559 386 766 426 quemque
800 380 938 412 tencre
965 372 1130 411 iubeas?
1190 370 1300 411 Tum
1323 371 1493 413 dextrae

123 426 410 477 interiunctae,
434 429 680 483 militesque,
703 429 902 469 concione
934 428 1113 477 dimissa,
1143 444 1167 469 a
1195 428 1302 468 notis
1324 429 1493 482 ignotis-

123 499 203 539 que
227 485 404 541 beuignc
427 495 550 541 atque
580 485 835 541 hospitaliter
863 486 1047 527 invitati:
1082 486 1294 540 laetusque
1318 486 1419 535 dies,
1442 503 1493 527 ex

122 541 345 583 admodum
387 543 489 584 tristi
520 542 659 598 paullo
689 552 784 584 ante
815 558 861 583 ae
894 558 1022 599 prope
1064 543 1316 592 exsecrabili,
1349 544 1491 585 factus.

124 598 296 647 Romae,
320 609 364 640 ut
384 610 445 641 est
466 600 621 656 perlata
640 600 748 641 fama
775 601 834 641 rei
861 610 1013 655 gestae,
1035 600 1133 641 dein
1155 600 1281 641 literis
1302 616 1387 640 non
1409 616 1494 642 ma-

121 656 182 710 gis
203 657 383 712 ipsorum
415 658 721 712 imperatorum,
743 673 867 713 quam
889 657 1011 711 vulgo
1040 657 1217 698 militum
1241 673 1293 698 cx
1317 666 1492 713 utroque

122 714 306 755 exercitu
336 715 545 763 affirmata,
577 729 652 770 pro
682 730 723 754 se
756 715 931 770 quisquc
959 714 1195 755 Maximum
1227 714 1418 755 laudibus
1439 716 1492 756 ad

121 771 282 811 coelum
322 771 436 812 ferre.
519 772 600 812 Par
633 772 762 827 gloria
797 772 907 827 apud
949 772 1229 813 Hannibalem
1271 772 1491 828 hostesque

122 827 284 869 Poenos
304 837 412 870 erat:
446 844 492 869 ac
521 838 608 870 tum
636 829 805 870 demum
834 829 998 879 sentire,
1021 845 1116 870 curn
1147 830 1346 870 Romanis
1367 839 1491 885 atque

120 885 164 924 in
194 885 315 926 Italia
343 885 497 927 bellum
529 901 627 928 esse.
692 886 802 927 Nam
833 887 1001 927 biennio
1032 896 1127 928 ante
1159 887 1263 928 adeo
1294 896 1334 928 et
1365 887 1492 928 duces

121 941 332 984 Romanos
362 953 404 984 et
434 943 586 984 milites
616 952 865 1000 spreverant,
888 953 935 985 ut
964 945 1033 984 vix
1064 960 1159 985 cum
1190 944 1336 985 eadem
1367 953 1491 1000 gente

119 999 273 1040 bellum
295 1016 381 1041 esse
402 1001 632 1050 crederent,
655 1002 771 1042 cuius
793 1001 1017 1042 terribilem
1039 1017 1130 1043 eam
1151 1002 1300 1042 famam
1322 1018 1346 1042 a
1366 1002 1492 1057 patri-

118 1057 194 1097 bus
214 1058 478 1113 accepissent.
541 1058 819 1099 Hannibalern
851 1074 1017 1114 quoque
1049 1074 1100 1099 ex
1131 1060 1217 1100 acie
1247 1058 1491 1099 redeuntem

117 1114 267 1155 dixisse
289 1114 438 1164 ferunt,
463 1116 657 1157 ‘tandem
687 1131 777 1157 eam
809 1117 976 1165 nubem,
999 1132 1104 1171 quae
1136 1116 1277 1156 sedere
1309 1116 1351 1156 in
1383 1116 1490 1171 iugis

119 1177 129 1194 ‘
143 1172 347 1213 montium
368 1172 486 1213 solita
506 1174 570 1222 sit,
593 1188 687 1214 cum
708 1173 888 1228 procella
907 1173 1081 1214 imbrem
1103 1173 1291 1213 dedisse?

174 1229 288 1269 Dum
322 1229 424 1270 haec
463 1239 664 1285 geruntur
700 1231 741 1269 in
776 1230 906 1278 ltalia,
951 1230 1029 1270 Cn.
1057 1229 1250 1270 Servilius
1286 1229 1490 1271 Geminus

1566 1236 1631 1273 31.

89 1286 259 1326 zeonsul
295 1301 390 1326 culn
426 1287 550 1328 classe
585 1296 752 1327 centum
788 1287 933 1341 viginti
973 1287 1153 1335 navium,
1191 1287 1489 1328 circumvectus
1502 1290 1654 1320 Servilius

121 1342 333 1383 Sardiniae
356 1352 397 1384 et
416 1343 608 1384 Corsicae
631 1359 755 1393 oram,
772 1352 813 1384 et
835 1344 1044 1384 obsidibus
1066 1344 1273 1399 utrimque
1295 1345 1487 1399 acceptis,

1502 1334 1575 1363 (fos.
1592 1334 1676 1363 male

1503 1385 1566 1404 rcm
1583 1376 1663 1413 gerit

116 1400 160 1439 in
187 1399 372 1440 Africam
404 1401 648 1441 transmisit:
693 1410 734 1441 et
764 1402 1002 1456 priusquam
1032 1401 1075 1440 in
1107 1402 1388 1441 continentem
1418 1416 1533 1446 ex-j„
1551 1418 1667 1448 Africa.

86 1469 103 1499 3
117 1457 350 1498 sconsiones
371 1457 535 1507 faceret,
558 1457 730 1513 Menige
752 1458 885 1498 msula
905 1467 1071 1506 vastata,
1087 1467 1127 1498 et
1148 1459 1197 1498 ab
1214 1458 1490 1499 incolentibus

119 1514 353 1564 Cercinam,
390 1531 442 1556 ne
483 1523 525 1555 et
560 1512 741 1570 ipsorum
778 1523 966 1555 ureretur
1005 1515 1337 1570 diripereturque
1378 1530 1487 1571 ager,

116 1571 262 1612 decem
291 1572 454 1613 talentis
484 1572 644 1627 argenti
669 1572 860 1627 acceptiS,
882 1572 935 1612 ad
964 1572 1083 1613 litora
1108 1572 1274 1612 Africae
1305 1573 1488 1622 accessit,

116 1630 336 1685 copiasque
377 1629 579 1684 exposuit.
642 1629 745 1670 Inde
786 1629 839 1669 ad
878 1629 1164 1685 populandum
1204 1645 1348 1684 agrum
1373 1629 1489 1670 ducti

116 1686 279 1735 milites,
301 1686 548 1742 navalesque
571 1687 670 1727 socii
697 1686 814 1727 iuxta
835 1687 966 1736 effusi,
989 1702 1035 1727 ac
1056 1687 1090 1726 si
1112 1686 1254 1727 insulis
1283 1686 1487 1727 cultorum

115 1744 331 1799 egentibus
360 1743 669 1799 praedarentur.
731 1743 878 1799 Itaque
910 1745 953 1784 in
983 1744 1151 1784 insidias
1182 1754 1336 1786 temere
1371 1744 1487 1793 illati,

115 1815 245 1856 quum
266 1816 290 1842 a
308 1800 596 1856 frequentibus
615 1801 814 1857 palantes,
833 1801 883 1842 ab
900 1801 1084 1842 locorum
1105 1801 1242 1856 gnaris
1260 1801 1390 1856 ignari
1410 1802 1488 1842 cir-

115 1858 464 1908 cumvenirentur,
496 1874 591 1899 eum
627 1858 756 1899 multa
787 1858 912 1899 caede
943 1874 989 1899 ac
1019 1858 1141 1899 foeda
1169 1858 1267 1914 fuga
1295 1867 1403 1899 retro
1435 1859 1488 1899 ad

115 1930 238 1956 naves
268 1915 470 1971 compulsi
500 1924 607 1957 sunt.
669 1916 741 1956 Ad
769 1915 879 1956 mille
909 1916 1138 1964 hominum,
1161 1931 1256 1956 cum
1284 1916 1348 1956 his
1372 1915 1488 1957 Sem-

85 1973 260 2028 4pronio
282 1972 430 2014 Blaeso
458 1982 672 2028 quaestore
694 1973 854 2022 amisso,
877 1973 1025 2022 classis,
1048 1988 1072 2014 a
1095 1973 1282 2014 litoribus
1306 1973 1488 2014 hostium

115 2029 247 2084 plenis
269 2030 427 2086 trepide
449 2030 593 2080 soluta,
611 2031 654 2071 in
679 2030 861 2071 Siciliam
882 2046 1047 2071 cursum
1065 2031 1220 2071 tenuit:
1255 2029 1487 2085 traditaque

115 2086 305 2143 Lilybaei
326 2088 376 2128 T.
398 2087 577 2129 Otacilio
597 2088 788 2143 praetori,
810 2097 856 2129 ut
876 2089 926 2129 ab
943 2088 1077 2143 legato
1099 2088 1185 2128 eius
1207 2087 1253 2127 P.
1276 2087 1379 2128 Sura
1401 2087 1489 2128 Ro-

115 2159 224 2184 mam
259 2144 535 2186 reduceretur.
599 2145 705 2201 Ipse,
742 2160 817 2200 per
849 2145 1028 2186 Siciliam
1060 2145 1236 2200 pedibus
1266 2144 1486 2200 profectus,

113 2201 217 2242 freto
245 2202 288 2242 in
313 2201 475 2242 Italiam
506 2202 678 2252 traiecit,
700 2202 828 2243 literis
859 2202 911 2250 Q.
932 2202 1047 2242 Fabii
1077 2202 1231 2242 accitus
1252 2211 1294 2242 et
1324 2202 1423 2258 ipse,
1446 2211 1489 2242 et

85 2272 101 2301 5
114 2258 272 2314 collega
287 2259 375 2300 eius
397 2259 457 2300 M.
479 2259 647 2309 Atilius,
665 2268 711 2300 ut
732 2260 936 2300 exercitus
953 2260 1003 2300 ab
1020 2274 1075 2309 se,
1093 2268 1239 2300 exacto
1256 2259 1337 2299 iam
1358 2274 1486 2315 prope

114 2316 297 2356 semestri
318 2316 505 2372 imperio,
527 2317 773 2372 acciperent.

161 2434 171 2454 1
200 2426 334 2455 Ordines
355 2436 427 2455 suos
449 2428 616 2465 quemque]
649 2427 777 2457 Scilicet

115 2467 240 2496 ordines
254 2467 287 2496 iu
308 2467 450 2497 Fabiano
466 2468 608 2498 exercitu
629 2469 686 2499 sibi
708 2478 777 2507 pro-

115 2519 206 2548 pnoS.

157 2561 173 2580 2
189 2552 265 2581 Cum
274 2553 370 2582 classe
376 2556 498 2581 centum
507 2553 618 2589 viyinti
630 2553 777 2589 naz-inm]

116 2594 308 2631 Numerum,
329 2594 381 2632 qui
406 2594 437 2623 in
462 2593 608 2623 omnibus
634 2604 700 2624 uss.
724 2595 774 2624 de-

113 2636 279 2674 sideratur,
299 2647 339 2667 ex
360 2635 496 2675 Polybio
519 2635 561 2665 iii.
582 2634 632 2676 96.
651 2636 777 2675 Lipsius

114 2678 246 2708 addidit.

157 2730 174 2760 3
198 2722 328 2760 ,Πεηίῃε
344 2722 449 2751 insula
467 2721 605 2758 vastata]
640 2720 731 2750 Haec
747 2724 779 2750 et

115 2763 248 2794 Cercina
269 2763 422 2793 finitimae
443 2762 527 2802 Syrti
543 2763 664 2792 insulae
680 2767 777 2793 erant.

115 2806 280 2836 Cercinam
309 2816 365 2845 pro
392 2809 496 2835 vetere
528 2805 664 2836 lectione
693 2807 777 2837 circa

113 2858 180 2878 cam
195 2848 374 2878 emendavit
391 2847 526 2887 Lipsius.

865 2438 883 2463 4
906 2428 1018 2457 Blaeso
1029 2432 1192 2467 quaestore
1201 2427 1328 2463 amisso]
1348 2426 1488 2457 Distine-

822 2468 941 2498 tionem
959 2473 1029 2507 post
1046 2479 1155 2499 vocem
1172 2474 1332 2508 praetore,
1347 2473 1378 2498 et
1394 2471 1485 2499 amis-

821 2521 890 2540 sum
920 2521 977 2549 pro
1006 2512 1118 2540 amisso
1147 2515 1305 2549 reponunt
1335 2511 1427 2541 Crev.
1455 2516 1487 2542 et.

824 2552 941 2582 Stroth.
975 2554 1098 2582 Amisso
1114 2553 1146 2581 in
1163 2553 1243 2591 plur.
1261 2553 1332 2582 edd.
1354 2552 1487 2584 inveniri

820 2598 953 2623 testatur
971 2595 1146 2630 Drakenb..
1163 2594 1215 2632 qui
1236 2598 1344 2624 tamen
1360 2595 1488 2626 distine-

820 2636 938 2665 tionem
956 2640 1025 2675 post
1042 2638 1154 2666 amisso
1170 2637 1349 2675 ponendam
1365 2639 1487 2671 suadet.

822 2678 872 2708 De
888 2678 946 2707 hac
963 2679 1053 2708 clade
1071 2679 1182 2717 Polyb.
1200 2679 1282 2709 silet.

866 2729 882 2759 5
899 2722 1113 2751 Ez‘ereitusub
1123 2723 1171 2758 se]
1185 2721 1363 2751 Fabianum
1371 2733 1487 2762 nempe

824 2763 1119 2802 Minucianumque,
1132 2769 1166 2793 ut
1179 2774 1253 2793 mox
1272 2765 1486 2804 appellantur.

824 2805 910 2836 Olim
927 2807 1099 2837 eoeercitzcm
1115 2806 1318 2838 scribebatur.
