1871 3178
494 72 617 113 LIB.
659 72 829 113 XXIX.
872 71 1015 112 CAP.
1057 77 1116 112 18.
1421 75 1503 113 479

120 163 307 210 ‘seritis3
340 177 406 211 nc,
431 162 543 217 quod
573 162 781 217 piaculum
814 162 1123 207 commiserunt,
1153 175 1235 199 non
1266 176 1340 200 suo
1371 160 1504 200 solum
1523 166 1567 197 Γ.
1584 166 1621 197 C.
1646 167 1718 204 548.

121 220 364 274 ‘sanguinffi
387 219 459 259 sed
485 219 610 259 etiam
637 219 803 274 publica
831 218 947 258 clade
977 217 1104 257 luant.
1172 218 1425 271 Quanquam
1455 233 1506 258 1ιο
1523 210 1561 239 A.
1587 210 1624 240 C·
1648 217 1718 245 ²⁰⁴·

122 281 262 317 ‘nune
296 276 481 331 quidem,
512 276 656 316 Patres
692 275 927 329 conscripti,
961 283 1031 314 aut
1066 273 1108 312 in
1140 272 1328 321 (lucibus,
1361 284 1432 313 aut,
1467 275 1506 314 in

123 337 134 355 ‘
151 333 350 373 militibus
371 333 515 373 vestris
537 342 666 372 cessat
696 333 752 371 ira
774 331 887 371 (leae.
952 330 1190 384 Aliquotics
1220 329 1300 369 iam
1331 330 1438 370 inter
1466 347 1507 369 se

92 390 278 444 7‘signis
309 389 466 429 collatis
497 397 862 429 com-ucurrerimt.
926 387 1028 427 Dux
1062 386 1229 426 alterius
1260 386 1386 441 partis
1416 387 1510 426 Ple-

124 447 317 493 ‘minius
353 446 522 485 alterius
556 445 639 485 duo
675 445 829 484 tribuni
867 443 1042 483 militum
1078 452 1220 483 erant:
1260 458 1344 482 non
1379 444 1510 483 acrius

125 507 247 544 ‘cum
277 502 706 557 Carthaginiensibus,
730 516 855 556 quam
886 501 994 540 inter
1022 514 1063 540 se
1093 499 1183 553 ipsi,
1207 499 1313 539 ferro
1340 499 1510 540 dimica-

125 563 327 600 ‘veruntz
373 559 743 614 praebuissentque
781 557 1039 597 occasionem
1076 556 1212 596 furore
1249 571 1322 596 suo
1356 556 1511 597 Locros

126 616 383 671 ‘recipiendi
408 615 650 663 Hannibali,
674 615 716 654 ni
746 614 900 654 accitus
931 613 981 653 ab
1010 613 1130 653 nobis
1162 612 1300 667 Scipio
1333 613 1512 653 interve—

127 673 292 714 ‘nisset.
356 672 429 721 At,
473 671 656 719 hercule,
699 671 851 710 milites
892 678 1105 710 contactos
1145 669 1360 724 sacrilegio
1400 670 1513 709 furor

127 730 307 785 ‘agitat:
348 729 391 768 in
421 728 597 768 ducibus
634 727 731 782 ipsis
767 726 992 782 puniendis
1028 726 1190 766 nullum
1221 726 1323 766 deae
1355 741 1512 766 numen

128 786 380 841 ‘apparuit‘?
441 784 532 824 Imo
564 784 620 824 ibi
651 798 844 839 praesens
873 784 1054 823 maxime
1082 783 1172 823 suit.
1236 782 1377 833 Yirgis
1406 783 1513 823 caesi

128 843 311 884 ‘tribuni
348 842 398 882 ab
435 841 570 896 legato
606 850 712 881 sunt.
777 840 960 895 Legatus
996 840 1149 880 deinde
1187 836 1346 879 insidiis
1383 840 1514 880 tribu-

128 903 305 940 ‘norum
337 898 604 953 interceptus,
628 907 917 953 praeterquam
945 897 1058 951 quod
1090 905 1177 936 toto
1206 911 1377 951 corpore
1406 896 1514 937 lace-

129 959 280 1004 ‘ratuS,
303 970 403 995 naso
434 970 602 1009 quoque
635 954 887 1008 auribusque
917 953 1078 1001 decisis,
1106 953 1328 1007 exsanguis
1359 962 1420 993 est
1451 968 1515 993 rc-

129 1013 304 1053 ‘lictusx
338 1020 547 1052 recreatus
579 1010 732 1051 deinde
767 1010 926 1063 legatus
959 1025 1011 1050 ex
1044 1009 1297 1057 vulneribus,
1328 1010 1514 1050 tribunos

130 1073 141 1091 ‘
158 1069 338 1109 militum
371 1068 415 1108 in
442 1067 609 1108 vincula
639 1067 861 1114 coniectos,
885 1066 983 1106 dein
1009 1067 1256 1113 verberatos,
1280 1066 1515 1106 servilibus-

97 1129 240 1181 8‘que
292 1125 485 1165 omnibus
534 1123 746 1178 suppliciis
792 1123 994 1163 cruciatos
1040 1123 1287 1162 trucidando
1333 1123 1512 1170 occidit3

131 1187 342 1223 ‘mortuos
379 1180 532 1221 deinde
569 1180 782 1235 prohibuit
818 1179 994 1234 sepeliri.
1066 1179 1154 1219 Has
1190 1179 1268 1219 dea
1303 1195 1457 1235 poenas
1493 1195 1517 1219 a

131 1244 143 1262 ⁶
159 1238 305 1294 templi
326 1238 389 1278 sui
411 1237 699 1292 spoliatoribus
725 1236 874 1276 habet:
909 1251 986 1276 nec
1016 1245 1111 1276 ante
1134 1235 1296 1276 desinet
1324 1237 1516 1276 omnibus

132 1300 145 1318 ‘
159 1310 229 1336 eos
250 1295 404 1349 agitare
422 1294 551 1342 furiis,
569 1308 695 1348 quam
717 1293 895 1348 reposita
916 1308 1029 1333 saera
1049 1293 1227 1348 pecunia
1249 1293 1292 1332 in
1315 1293 1516 1334 thesauris

134 1352 295 1393 ‘fuerin
359 1350 542 1391 Elaiores
583 1350 795 1405 quondam
836 1350 978 1398 nostri,
1019 1350 1132 1403 gravi
1176 1350 1517 1390 Crotoniensium

133 1414 145 1431 ‘
159 1408 283 1457 bello,
306 1408 405 1463 quia
426 1416 543 1448 extra
571 1407 715 1447 urbem
745 1406 948 1461 templum
971 1416 1044 1455 est,
1069 1406 1285 1447 transferre
1307 1407 1351 1446 in
1374 1406 1517 1446 urbem

135 1470 146 1488 ‘
162 1480 255 1506 eam
282 1464 504 1520 pecuniam
526 1463 760 1504 voluerunt.
824 1462 967 1503 Noetu
995 1463 1138 1503 andita
1165 1478 1218 1503 ex
1243 1463 1418 1503 delubro
1439 1477 1518 1502 vox

135 1522 254 1570 ‘est,’
280 1521 556 1562 Abstinercnt
589 1535 760 1560 manus:
800 1519 922 1559 deam
955 1534 1029 1560 sua
1062 1519 1216 1574 templa
1243 1519 1518 1560 defensuram.

136 1583 148 1601 ‘
168 1578 281 1626 Quia
308 1577 501 1618 movendi
535 1576 633 1617 inde
665 1577 880 1617 thesauros
911 1576 1074 1616 incussa
1104 1584 1191 1616 erat
1221 1576 1379 1630 religio,
1402 1590 1521 1615 muro

103 1650 123 1680 9
138 1640 149 1658 ‘
165 1634 422 1676 circumdare
445 1633 648 1688 templum
669 1633 902 1672 voluerunt.
951 1632 1024 1672 Ad
1046 1632 1305 1686 aliquantum
1328 1632 1408 1671 iam
1431 1631 1523 1672 alti-

138 1696 150 1714 ‘
167 1691 323 1732 tudinis
344 1691 524 1731 excitata
545 1698 663 1730 erant
684 1689 862 1736 moenia,
885 1703 1016 1743 quum
1043 1689 1180 1728 subito
1202 1688 1381 1744 collapsa
1402 1688 1523 1728 ruina

138 1753 273 1788 ‘sunt.
339 1746 422 1787 Sed
463 1755 506 1786 et
544 1760 671 1794 nunc,
708 1754 750 1785 et
789 1760 910 1800 saepe
952 1745 1050 1785 alias
1091 1745 1170 1785 dea
1209 1760 1325 1785 suam
1366 1744 1521 1793 sedem,

139 1809 150 1827 ‘
166 1818 372 1858 suumque
395 1802 598 1858 templum
620 1810 692 1842 aut
714 1810 847 1842 tutata
867 1811 940 1850 est,
959 1810 1031 1842 aut
1052 1817 1076 1842 a
1095 1801 1364 1842 violatoribus
1384 1802 1525 1856 gravia

140 1860 332 1916 ‘piacula
366 1859 517 1915 exegit.
581 1858 755 1899 Nostras
791 1858 962 1898 iniurias
996 1873 1074 1899 nec
1106 1867 1255 1913 potest,
1287 1873 1365 1898 nec
1396 1858 1525 1913 possit

140 1917 272 1958 ‘alius
304 1916 460 1964 ulcisci,
487 1930 613 1970 quam
642 1930 724 1963 vos,
754 1914 900 1954 Patres
933 1915 1167 1969 conscripti.
1232 1914 1304 1954 Ad
1334 1929 1405 1954 vos
1435 1930 1525 1955 ves-

141 1979 358 2027 ‘tramque
392 1973 519 2012 fidem
554 1971 762 2026 supplices
798 1970 1071 2024 confugimus.
1135 1970 1256 2010 Nihil
1288 1979 1428 2010 nostra
1460 1971 1524 2009 in-

142 2035 306 2077 ‘tere'st,
339 2037 479 2069 utrum
515 2028 591 2068 sub
628 2027 698 2067 illo
734 2026 883 2080 legato,
916 2026 991 2065 sub
1025 2026 1096 2066 illo
1131 2025 1337 2080 praesidio
1370 2026 1525 2066 Locros

143 2092 256 2126 ‘esse
288 2085 442 2132 sinatis,
469 2099 523 2124 an
553 2084 655 2123 irato
684 2082 913 2122 Hannibali
942 2090 984 2122 et
1008 2082 1162 2122 Poenis
1190 2082 1242 2122 ad
1274 2082 1524 2137 supplicium

143 2142 343 2183 ‘dedatis
406 2140 507 2181 Non
534 2139 803 2195 postulamuS,
827 2147 873 2178 ut
901 2138 1112 2193 extemplo
1142 2138 1273 2187 nobis,
1297 2148 1343 2178 ut
1371 2138 1423 2179 de
1455 2139 1526 2179 ab·

143 2204 300 2247 ‘sente,
341 2206 388 2238 ut
426 2197 586 2237 indicta
623 2211 747 2237 causa
785 2195 973 2236 credatis.
1047 2194 1216 2244 Veniat,
1258 2209 1397 2235 coram
1437 2195 1524 2250 ipse

145 2331 253 2362 Multa
269 2330 333 2360 alia
353 2331 503 2369 exempla
525 2330 689 2360 cumulare
706 2339 811 2368 posse-

144 2383 225 2403 mus.
271 2373 334 2403 Sed
362 2373 440 2402 haec
465 2374 540 2402 satis
566 2372 638 2401 sint.
685 2371 813 2406 Quibus

145 2415 275 2453 quidem
306 2414 378 2444 ideo
408 2413 568 2443 immorati
594 2423 714 2449 sumus,
741 2413 814 2450 quia

147 2455 330 2487 Gronovius
351 2465 404 2484 eos
423 2456 567 2493 increpat
583 2454 644 2483 hoc
662 2455 744 2487 1000,
760 2453 815 2491 qui

147 2498 206 2528 sibi
237 2497 387 2527 credituri
416 2507 480 2526 non
511 2497 583 2526 sint.
640 2496 814 2525 Rationem

148 2540 244 2578 igitur
258 2539 431 2575 reddimus,
441 2548 496 2568 cur
511 2549 530 2567 a
544 2539 608 2567 viro
622 2538 817 2573 doctissimo,

149 2587 181 2611 et
203 2581 398 2616 acutissimo,
414 2584 445 2610 et
466 2581 506 2609 de
529 2579 611 2609 Livii
633 2589 728 2617 opere
750 2583 817 2608 tam

149 2624 232 2653 bene
275 2622 401 2655 merito,
445 2622 612 2651 dissentire
657 2630 816 2658 cogamur.

150 2665 256 2695 (ἷκεν.
303 2664 343 2694 111
368 2663 523 2694 Gronovii
550 2666 657 2702 partes
679 2662 819 2694 Bekker.

152 2716 185 2737 se
201 2706 301 2736 addit.

197 2756 212 2787 7
234 2745 533 2786 Concucurrerzmt]
555 2747 608 2776 Ita
622 2747 821 2784 Put.codex‚

152 2799 248 2828 quern
266 2790 333 2821 Iac.
351 2789 534 2820 Gronovius
550 2789 636 2820 citat.

903 2329 922 2358 8
955 2329 1121 2358 Cruciatos
1165 2329 1354 2357 trucidando
1398 2328 1525 2365 occidit]

858 2370 971 2401 Omnis
995 2371 1184 2409 scriptorum
1210 2373 1239 2399 et
1267 2374 1343 2399 vett.
1369 2369 1528 2399 editorum

858 2422 994 2442 manus:
1020 2413 1194 2441 trucidatos
1215 2412 1388 2441 cruciando
1408 2412 1530 2441 occidit.

860 2453 1000 2483 Mutavit
1027 2453 1219 2489 Gronovius,
1243 2453 1297 2490 qui
1322 2452 1365 2482 sic
1387 2453 1530 2491 exponit.

861 2495 1038 2533 Significat,
1061 2494 1176 2532 inquit,
1202 2504 1265 2523 non
1289 2498 1388 2524 tortos
1415 2495 1530 2531 solum,

861 2537 915 2566 sed
943 2537 1031 2566 omni
1061 2536 1212 2565 saevitiae
1239 2546 1353 2575 genere
1377 2536 1532 2566 truncatis

861 2579 992 2608 artubus
1003 2578 1328 2616 discerptos‚tandem
1339 2582 1475 2607 mortem
1486 2578 1531 2607 in—

862 2620 992 2650 venisse.
1017 2620 1056 2650 cf.
1076 2630 1161 2659 supr.
1184 2619 1248 2650 xxi.
1270 2629 1316 2659 13.
1342 2620 1416 2650 Val.
1439 2620 1531 2650 Max.

864 2662 906 2692 ix.
926 2672 952 2692 2.
977 2662 1082 2692 szv.

907 2713 926 2743 9
949 2705 1003 2734 Ad
1025 2705 1227 2743 aliquantum
1250 2705 1313 2733 iam
1332 2704 1529 2740 altitudinis]

866 2745 1143 2784 Praepositionem
1162 2747 1204 2775 ad
1218 2745 1304 2775 delet
1321 2745 1460 2776 Bekker.
1478 2746 1533 2775 sed

866 2787 1064 2819 retinendam
1082 2792 1188 2818 censet
1204 2787 1342 2819 Crevier.
