1877 3178
397 113 479 153 468
905 108 1053 150 TITI
1095 107 1267 150 LIVII

195 208 241 240 U.
258 208 296 239 C.
319 215 389 247 547·
403 199 602 256 oppidani
632 199 756 240 domo
787 197 985 239 Pleminii
1015 197 1133 239 miles
1162 197 1339 252 fugienS,
1371 196 1654 252 sequentibus,
1677 211 1782 252 quo-

195 251 235 282 Α·
259 251 297 282 C·
321 258 495 298 ²05·rum
526 264 625 306 erat,
648 256 792 297 obvius
815 256 919 296 forte
945 255 1089 310 Sergio
1111 263 1153 295 et
1175 254 1365 295 Matieno
1396 253 1572 294 tribunis
1601 253 1782 294 militum

402 314 491 354 fuit.
557 313 640 354 Cui
661 328 791 368 quum
813 312 926 352 iussu
948 312 1207 352 tribunorum
1229 311 1471 365 ademptum
1502 309 1698 365 poculum
1719 324 1783 350 es-

402 379 477 419 set,
509 370 690 425 iurgium
726 369 823 409 inde
861 377 902 409 et
937 368 1103 416 clamor,
1137 382 1278 423 pugna
1309 376 1518 422 postremo
1552 374 1640 406 orta
1674 366 1784 407 inter

402 427 600 467 Pleminii
633 426 797 474 milites,
832 425 1203 479 tribunorumque,
1236 432 1283 464 ut
1313 424 1395 464 suis
1426 424 1601 478 quisque
1633 437 1784 478 oppor-

403 492 530 524 tunus
554 483 791 531 advenerat,
814 481 1081 522 multitudine
1113 480 1236 521 simul
1267 496 1313 521 ac
1344 480 1528 520 tumultu
1558 487 1780 520 crescente.

403 540 519 580 Victi
549 539 746 580 Pleminii
781 539 932 579 milites
963 553 1093 593 quum
1130 537 1181 577 ad
1212 537 1480 585 Pleminium,
1515 551 1704 576 cruorem
1736 551 1784 576 ac

402 596 574 637 vulnera
603 604 869 644 ostentantes,
891 611 975 635 non
1001 595 1088 635 sine
1110 594 1403 635 vociferatione
1436 602 1560 648 atque
1592 592 1784 647 indigna-

404 653 516 693 tione
538 652 854 700 concurrissent,
876 653 1026 707 probra
1046 651 1089 691 in
1111 666 1206 691 eum
1234 651 1367 706 ipsum
1390 651 1538 690 iactata
1567 649 1612 689 in
1642 649 1785 705 iurgiis

403 710 655 757 referentes3
694 724 889 749 accensus
920 710 979 748 ira
1008 708 1133 748 domo
1164 722 1250 747 sese
1284 707 1500 762 proripuit,
1534 714 1783 760 vocatosque

404 766 591 806 tribunos
616 765 778 814 nudari,
801 781 846 806 ac
868 766 1000 820 virgas
1022 764 1211 819 expediri
1232 764 1359 804 iubet.
1421 763 1538 803 Dum
1560 762 1785 817 spoliandis

404 822 453 862 iis
489 822 797 877 (repugnabant
834 822 959 870 enim,
994 821 1256 874 militemque
1292 819 1590 875 implorabant)
1621 828 1786 874 tempus

406 879 563 927 teritur,
586 887 759 933 repente
781 878 945 925 milites,
963 878 1119 918 seroces
1140 877 1296 917 recenti
1318 877 1500 925 victoria,
1519 891 1571 916 ex
1593 876 1786 916 omnibus

404 935 515 982 locis,
548 934 662 974 velut
697 934 891 974 adversus
921 934 1059 974 hostes
1094 933 1145 973 ad
1179 948 1291 973 arma
1323 933 1627 973 conclamatum
1663 941 1783 980 esset,

404 998 714 1030 concurrerunt.
779 989 846 1039 Et,
870 1004 999 1045 quum
1020 989 1172 1029 violata
1202 989 1281 1029 iam
1303 989 1429 1044 virgis
1454 1004 1626 1044 corpora
1656 989 1786 1029 tribu-

403 1061 552 1087 norum
573 1046 786 1094 vidissent,
810 1055 896 1086 tum
919 1061 1017 1086 vero
1043 1046 1086 1085 in
1117 1045 1249 1085 multo
1280 1046 1618 1100 impotentiorem
1648 1045 1785 1086 subito

402 1103 560 1143 rabiem
595 1103 770 1151 accensi,
803 1103 891 1143 sine
922 1111 1126 1157 respectu,
1158 1117 1243 1142 non
1279 1102 1502 1142 maiestatis
1537 1102 1674 1151 modo,
1712 1101 1786 1142 sed

403 1160 528 1200 etiam
565 1159 847 1208 humanitatis,
881 1160 923 1199 in
959 1159 1143 1214 legatum
1176 1159 1393 1213 impetum,
1425 1158 1640 1199 lictoribus
1671 1158 1785 1214 prius

195 1223 374 1272 Pleminius
402 1216 623 1271 indignum
644 1217 689 1256 in
714 1216 885 1256 modum
908 1216 1110 1264 mulcatis,
1132 1215 1313 1256 faciunt:
1348 1225 1437 1256 tum
1458 1215 1607 1270 ipsum,
1631 1215 1681 1255 ab
1703 1215 1786 1255 suis

193 1267 353 1339 posnhtter
402 1273 681 1328 interceptum
712 1282 755 1314 et
785 1273 1004 1321 seclusum,
1027 1272 1233 1313 hostiliter
1262 1272 1457 1321 lacerant,
1481 1281 1523 1313 et
1551 1286 1681 1327 prope
1712 1287 1786 1312 ex-

193 1319 390 1390 Χοξζῗρὲιέᾗθ
402 1345 616 1385 sanguem,
638 1345 738 1370 naso
760 1330 1010 1385 auribusque
1032 1329 1245 1377 mutilatis,
1268 1328 1522 1384 relinquunt.
1573 1328 1652 1368 His
1670 1327 1786 1369 Mes-

192 1393 376 1424 absolvitur.
402 1402 543 1427 sanam
565 1387 778 1436 nuntiatis,
800 1386 951 1442 Scipio,
974 1394 1066 1441 post
1086 1400 1239 1441 paucos
1260 1385 1349 1425 dies
1370 1386 1525 1426 Locros
1545 1384 1691 1426 hexeri
1713 1385 1816 1429 ad-4

401 1452 558 1493 vectus,
582 1458 712 1498 quum
734 1458 898 1484 causam
916 1443 1112 1483 Pleminii
1134 1451 1175 1483 et
1196 1442 1458 1482 tribunorum
1479 1441 1672 1487 audisset,
1688 1441 1784 1482 Ple-

401 1500 531 1540 minio
562 1515 673 1541 noxa
702 1499 889 1549 liberato,
912 1499 1139 1554 relictoque
1170 1499 1213 1539 in
1235 1499 1422 1539 eiusdem
1452 1499 1532 1539 loci
1562 1498 1782 1554 praesidio,

402 1557 578 1596 tribunis
609 1557 796 1597 sontibus
827 1556 1031 1605 iudicatis,
1055 1565 1097 1596 et
1127 1556 1170 1595 in
1201 1556 1366 1596 vincula
1394 1555 1604 1603 coniectis,
1628 1563 1674 1595 ut
1696 1555 1784 1596 Ro-

401 1626 511 1651 mam
533 1613 582 1652 ad
606 1622 795 1653 senatum
826 1614 1102 1661 mitterentur,
1127 1612 1365 1653 Messanam
1387 1621 1511 1667 atque
1537 1611 1635 1652 inde
1661 1611 1784 1668 Syra-

193 1675 353 1722 Tribunos
401 1683 518 1708 cusas
548 1669 681 1708 rediit.
745 1669 976 1709 Pleminius
1007 1670 1214 1724 impotens
1245 1669 1342 1717 irae,
1365 1669 1599 1723 neglectam
1620 1669 1671 1708 ab
1695 1667 1784 1709 Sci-

193 1718 364 1789 gfcz‘iijlgter
402 1725 526 1780 pione
567 1733 609 1764 ct
650 1725 772 1764 nimis
812 1725 959 1765 leviter
998 1725 1123 1765 latam
1164 1740 1279 1765 suam
1320 1726 1515 1765 iniuriam
1546 1736 1670 1773 ratus,
1705 1736 1813 1767 necs

287 1770 295 1789 ¹
313 1783 320 1791 ⁰
402 1796 657 1836 quemquam
679 1781 894 1821 aestimare
917 1780 1043 1820 alium
1065 1796 1156 1821 eam
1187 1781 1304 1821 litem
1326 1796 1456 1836 posse,
1480 1781 1559 1821 nisi
1581 1781 1653 1835 qui
1675 1789 1784 1821 atro-

401 1838 569 1878 citatem
590 1837 679 1877 eius
699 1837 897 1892 patiendo
913 1837 1117 1885 sensisset,
1134 1837 1320 1877 tribunos
1337 1837 1486 1877 attrahi
1503 1837 1556 1877 ad
1576 1852 1617 1877 se
1639 1837 1780 1886 iussit3

400 1894 683 1948 laceratosque
706 1894 910 1942 omnibus,
934 1908 1039 1948 quae
1071 1893 1157 1948 pati
1183 1908 1332 1948 corpus
1353 1893 1485 1933 ullum
1515 1902 1663 1948 potest,
1686 1909 1782 1949 sup-

400 1950 534 2005 pliciis
566 1950 795 1990 interfecit:
836 1965 913 1990 ncc
950 1950 1118 1990 satiatus
1150 1949 1337 1990 vivorum
1372 1965 1520 2005 poena,
1554 1950 1782 2005 insepultos

401 2006 586 2061 proiecit.
645 2005 780 2046 Simili
802 2006 1046 2046 crudelitate
1068 2015 1110 2046 et
1131 2006 1175 2045 in
1198 2006 1471 2047 Locrensium
1491 2007 1700 2062 principes
1720 2015 1782 2047 est

400 2078 511 2111 usus,
535 2078 638 2118 quos
669 2062 723 2103 ad
753 2063 1068 2118 conquerendas
1099 2062 1269 2103 iniurias
1290 2063 1342 2103 ad
1363 2062 1410 2103 P.
1430 2062 1667 2118 Scipionem
1687 2078 1783 2119 pro-

399 2119 528 2160 fectos
558 2119 739 2159 audivit:
774 2128 828 2167 et,
855 2134 961 2174 quae
994 2127 1115 2160 antea
1143 2134 1218 2174 per
1247 2119 1464 2160 libidinem
1495 2128 1620 2175 atque
1652 2120 1783 2160 avari-

399 2176 498 2216 tiam
519 2175 642 2215 foeda
662 2175 854 2230 exempla
883 2176 927 2215 in
958 2176 1088 2216 socios
1118 2175 1318 2225 ediderat,
1342 2184 1441 2216 tunc
1472 2177 1523 2216 ab
1550 2177 1611 2216 ira
1640 2176 1782 2217 multi-

397 2231 522 2286 plicia
548 2232 695 2272 edere:
731 2232 924 2272 infamiae
955 2240 1080 2287 atque
1112 2232 1292 2272 invidiae
1324 2247 1409 2273 non
1440 2233 1518 2273 sibi
1548 2233 1685 2282 modo,
1707 2232 1781 2274 sed

398 2288 524 2328 etiam
546 2288 796 2343 imperatori,
819 2303 918 2328 esse.

256 2347 319 2386 10.
454 2344 544 2385 Iam
567 2345 830 2385 comitiorum
850 2345 1073 2400 appetebat
1093 2353 1269 2400 tempus,
1288 2360 1419 2400 quum
1440 2345 1487 2386 P.
1504 2345 1658 2386 Licinii
1679 2360 1779 2387 con-

189 2399 304 2448 Liceinii
321 2413 372 2433 ex-
396 2401 495 2441 sulis
534 2401 677 2442 literae
700 2401 881 2441 Romam
902 2401 1062 2450 allatae,
1086 2407 1096 2425 ‘
1113 2401 1165 2442 Se
1187 2401 1502 2457 exercitumque
1524 2417 1645 2442 suum
1665 2402 1812 2458 gravi6

188 2446 304 2473 eronus
398 2458 570 2499 ‘morbo
605 2457 812 2499 affectari:
855 2472 932 2498 nee
968 2457 1054 2498 sisti
1084 2458 1280 2513 potuisse,
1311 2458 1356 2498 ni
1391 2458 1539 2499 eadem
1574 2459 1635 2500 vis
1667 2458 1778 2508 mali,

188 2485 298 2515 morbo
314 2487 357 2517 af-

188 2523 298 2557 fectus.

438 2616 458 2643 4
480 2607 620 2644 Hemeri]
669 2605 794 2636 Graece
831 2605 948 2645 ἑξήρης,
982 2616 1064 2645 quae
1152 2606 1172 2637 6
1196 2608 1298 2638 Gravi
1314 2609 1418 2638 morbo
1434 2608 1598 2647 affectari]
1618 2607 1778 2645 sc.Affiei,

395 2657 449 2677 sex
466 2657 625 2677 remorum
641 2648 804 2678 ordinibus
819 2652 973 2686 ageretur.
1108 2650 1381 2687 quemadmodum
1405 2650 1493 2688 apud
1518 2650 1671 2679 Plautum
1695 2649 1776 2678 Bac-

438 2696 455 2726 5
482 2690 548 2719 Nec
578 2700 765 2729 quemquam
796 2691 979 2727 aestimare]
1020 2700 1062 2721 sc.
1108 2691 1191 2721 chid.
1212 2691 1255 2722 iii.
1276 2701 1301 2722 1.
1318 2692 1447 2729 damna,
1462 2692 1576 2731 quihus
1594 2695 1732 2730 patrem,
1747 2694 1777 2720 et

396 2728 538 2759 Pretium
556 2731 736 2768 decernere,
750 2741 812 2770 quo
827 2735 883 2761 aut
899 2731 1063 2770 piaculum
1107 2743 1167 2770 me,
1192 2736 1294 2772 teque,
1318 2735 1495 2773 amicosque
1517 2743 1623 2764 omnes
1644 2732 1775 2771 affectas

394 2779 497 2839 noxtae
517 2772 705 2810 solveretur,
724 2777 780 2804 aut
801 2774 921 2804 damna·
936 2774 1062 2804 resarci-
1107 2779 1186 2806 tuos.
1210 2775 1315 2806 CREV.

393 2819 448 2840 ren
466 2821 510 2841 ur.
