1825 3173
304 126 355 163 82
807 117 953 159 TITI
992 115 1169 157 LIVII

103 218 146 249 U.
163 218 200 249 C·
223 224 293 257 535-
305 212 430 261 missi,
471 211 550 253 levi
589 211 826 260 certamine,
868 219 914 251 ut
953 207 1260 250 tumultuariam
1305 219 1485 253 manum,
1525 203 1668 244 fudere

102 261 139 291 Α·
164 261 202 292 C·
223 267 467 318 '²¹7‘omnes3
494 269 636 310 occisis
649 268 895 324 quibusdam
908 266 1133 322 captisque,
1143 278 1292 319 magna
1304 261 1524 318 parsarmis
1533 269 1667 302 exuta.

308 326 392 368 Hic
420 335 557 367 tamen
578 325 780 367 tumultus
810 325 1027 366 cedentem
1047 323 1099 364 ad
1123 322 1339 363 Oceanum
1368 318 1672 359 Hasdrubalem

308 384 365 425 cis
386 384 553 425 Iberum
583 383 634 424 ad
655 383 785 424 socios
815 382 1008 423 tutandos
1028 379 1208 421 retraxit.
1272 376 1418 417 Castra
1445 376 1605 416 Punica
1628 375 1671 414 in

309 457 406 497 agro
436 441 797 489 Ilercaonensium,
829 448 958 480 castra
989 438 1178 478 Romana
1207 435 1260 475 ad
1291 434 1453 474 Novam
1487 432 1704 473 Classem4

105 510 256 543 Celtiberi
309 507 436 548 erant,
468 513 597 554 quum
628 498 735 538 fama
764 512 910 552 repens
943 495 1021 536 alio
1054 493 1200 535 avertit
1230 492 1396 533 bellum.
1460 489 1672 537 Celtiberi,

104 564 192 615 arma
206 553 382 626 ³12¹·qui
402 556 607 612 principes
620 555 798 610 regionis
818 569 914 594 suae
935 553 1090 607 legatos
1111 551 1317 598 miserant,
1336 547 1580 602 obsidesque
1602 546 1675 586 de-

105 605 297 677 {ssffsssspif'e'
310 614 457 654 derant
466 613 676 661 Romanis,
688 612 834 652 nuntio
848 611 1001 651 missoa
1017 609 1208 665 Scipione
1226 607 1363 655 exciti,
1374 620 1485 646 arma
1493 604 1673 659 capiunt,

108 684 173 711 unt.
309 671 644 727 provinciamque
669 667 1074 724 Carthaginiensium
1094 665 1228 706 valido
1250 663 1432 704 exercitu
1454 661 1674 702 invadunt:

312 728 390 768 tria
424 728 576 784 oppida
610 727 649 767 vi
689 734 939 782 expugnant.
1000 724 1118 773 Inde,
1155 738 1249 763 cum
1288 722 1376 777 ipso
1417 718 1675 759 Hasdrubale

312 785 472 826 duobus
488 785 652 840 proeliis
665 784 828 839 egregie
842 791 1087 839 pugnantes,
1104 779 1343 836 quindecim
1357 777 1485 818 millia
1497 775 1677 817 hostium

312 842 566 892 occiderunt,
598 850 792 897 quattuor
823 840 951 881 millia
985 854 1079 880 cum
1110 837 1249 878 multis
1279 835 1522 876 militaribus
1553 833 1678 889 signis

312 899 491 955 capiunt.

172 966 238 1002 22.
372 956 466 997 Hoc
493 965 600 997 statu
630 970 765 996 rerum
794 956 838 995 in
869 954 1084 1009 Hispania,
1113 952 1159 993 P.
1182 951 1320 1006 Scipio
1355 950 1398 990 in
1428 947 1710 1005 provinciam5

112 1020 149 1050 P·
165 1019 272 1058 Seihio
315 1015 441 1063 venit,
462 1021 681 1069 prorogato
701 1021 793 1068 post
814 1011 1071 1052 consulatum
1092 1009 1264 1065 imperio
1285 1009 1335 1049 ab
1356 1015 1500 1047 senatu
1522 1005 1680 1053 missus,

110 1062 279 1134 ξξῖῗξξιῗῄζ
317 1087 411 1113 cum
426 1071 573 1126 viginti
587 1070 719 1125 longis
739 1069 922 1118 navibus,
940 1076 982 1108 et
997 1076 1090 1108 octo
1111 1066 1290 1106 millibus
1306 1065 1497 1113 militum,
1513 1077 1682 1118 magno-

112 1148 229 1186 Hispa·
317 1144 397 1184 que
420 1137 652 1169 commeatu
672 1126 854 1167 advecto.
917 1125 980 1165 Ea
999 1124 1134 1165 classis
1155 1124 1300 1178 ingens
1317 1122 1479 1177 agmine
1502 1119 1683 1161 onerari-

112 1190 207 1230 niam.
319 1199 435 1227 arum
462 1184 605 1240 procul
626 1184 723 1232 visa,
746 1198 841 1223 cum
862 1197 1011 1237 magna
1030 1180 1186 1221 laetitia
1206 1180 1356 1220 civium
1382 1179 1682 1232 sociorumque,

315 1251 480 1300 portum
497 1241 742 1282 Tarraconis
762 1255 814 1280 cx
835 1239 916 1280 alto
933 1238 1077 1279 tenuit.
1139 1236 1204 1277 Ibi
1224 1236 1352 1276 milite
1374 1235 1573 1290 exposito,
1590 1245 1715 1289 pro-6

316 1301 447 1341 fectus
467 1299 604 1355 Scipio
625 1298 739 1338 fratri
752 1312 794 1338 se
816 1296 1053 1351 coniungit:
1087 1310 1133 1335 ac
1147 1293 1298 1334 deinde
1320 1291 1530 1333 communi
1547 1291 1684 1331 animo

318 1356 570 1411 consilioque
591 1356 789 1411 gerebant
808 1354 974 1395 bellum.
1039 1351 1262 1407 Occupatis
1282 1350 1406 1406 igitur
1422 1348 1686 1404 Carthagini-

319 1414 484 1455 ensibus
518 1412 767 1453 Celtiberico
797 1411 917 1459 bcllo,
942 1410 1055 1451 haud
1085 1417 1327 1449 cunctanter
1356 1407 1524 1448 Iberum
1554 1415 1686 1446 trans-

117 1483 250 1514 Obsides
319 1471 588 1528 grediuntur3
630 1484 706 1509 nec
739 1469 822 1509 ullo
852 1468 938 1508 viso
970 1468 1100 1515 hostc,
1137 1465 1368 1521 Saguntum
1399 1472 1578 1520 pergunt
1612 1463 1684 1511 ire,

117 1526 276 1599 Hispgno-
320 1528 433 1584 quod
465 1528 521 1567 ibi
561 1526 722 1567 obsides
755 1526 879 1566 totius
916 1524 1142 1579 Hispaniae
1182 1522 1390 1563 custodiae
1428 1521 1595 1562 traditos
1635 1520 1686 1560 ab

116 1579 255 1650 {fflti'a'
321 1584 556 1626 Hannibale
586 1584 694 1624 fama
729 1592 815 1623 crat
847 1582 1008 1623 modico
1039 1581 1082 1621 in
1116 1596 1206 1621 arce
1240 1579 1437 1620 custodiri
1468 1577 1684 1634 praesidio.

321 1642 372 1683 Id
392 1657 522 1683 unum
538 1641 687 1697 pignus
704 1640 919 1680 inclinatos
933 1638 985 1679 ad
1001 1638 1233 1678 Romanam
1249 1637 1485 1677 societatem
1502 1634 1688 1676 omnium

323 1699 548 1755 Hispaniae
558 1697 806 1754 populorum
815 1697 973 1737 animos
986 1696 1231 1742 morabatur,
1243 1709 1294 1734 ne
1304 1693 1502 1748 sanguine
1512 1692 1687 1733 liberum

323 1771 489 1798 suorum
498 1756 618 1811 culpa
625 1755 866 1795 defectionis
879 1753 1071 1793 lucretur.
1118 1751 1180 1792 Eo
1193 1751 1359 1791 vinculo
1374 1749 1618 1805 Hispaniam
1627 1749 1690 1788 vir

121 1826 185 1856 Eos
202 1826 282 1855 Abe-
324 1830 443 1864 unus,
466 1813 618 1854 sollerti
639 1812 768 1867 magis
789 1826 911 1866 quam
933 1810 1046 1850 fideli
1070 1808 1252 1858 consilio,
1275 1807 1459 1849 exsolvit.
1521 1805 1689 1846 Abelux

120 1870 175 1941 ¹1¹?
191 1869 286 1916 traait
325 1880 412 1912 erat
454 1870 627 1925 Sagunti
666 1868 814 1909 nobilis
855 1867 1078 1923 Hispanus,
1110 1866 1217 1906 fidus
1252 1874 1346 1906 ante
1382 1863 1556 1904 Poenis:
1599 1871 1689 1903 tum

155 1921 285 1941 omams.
325 1928 482 1984 (qualia
511 1927 754 1983 plerumque
786 1934 882 1966 sunt
908 1925 1171 1966 barbarorum
1195 1921 1381 1978 ingenia)
1411 1936 1506 1961 cum
1526 1920 1692 1960 fortuna

325 1993 553 2027 mutaverat
579 1983 716 2025 fidem.
780 1982 992 2030 Ceterum,
1021 1981 1284 2036 transfugam,
1313 1979 1400 2019 sine
1432 1992 1603 2032 magnae
1630 1976 1691 2017 rei

325 2043 558 2100 proditione
580 2041 816 2082 venientem
833 2040 884 2080 ad
905 2039 1054 2088 hosteS,
1072 2038 1175 2078 nihil
1196 2037 1309 2078 aliud
1325 2051 1449 2092 quam
1466 2050 1596 2075 unum
1609 2033 1689 2074 vile

326 2110 450 2156 atque
464 2100 615 2140 infame
630 2112 777 2153 corpus
792 2112 878 2138 esse
892 2105 1014 2145 ratus,
1030 2096 1072 2136 id
1089 2095 1247 2151 agebat,
1263 2102 1308 2134 ut
1324 2107 1448 2149 quam
1465 2092 1691 2132 maximum

327 2157 652 2198 emolumentum
691 2155 807 2195 novis
852 2154 972 2194 sociis
1010 2161 1125 2193 essct.
1203 2150 1524 2205 Circumspectis
1566 2148 1692 2203 igitur

328 2214 530 2262 omnibus,
553 2227 657 2267 quae
678 2212 842 2252 fortuna
861 2209 1072 2265 potestatis
1093 2209 1181 2249 eius
1201 2216 1361 2263 poterat
1380 2206 1525 2254 facere,
1540 2204 1691 2245 obsidi-

327 2272 403 2312 bus
422 2270 679 2326 potissimum
700 2267 910 2308 tradendis
937 2267 1121 2307 animum
1141 2264 1312 2306 adiecit:
1346 2278 1437 2304 eam
1458 2276 1583 2302 unam
1604 2276 1691 2302 rem

327 2329 506 2368 maxime
530 2334 640 2367 ratus
661 2324 967 2365 conciliaturam
990 2322 1188 2363 Romanis
1208 2320 1442 2376 principum
1465 2318 1690 2374 Hispaniae

328 2384 561 2426 amicitiam.
625 2382 707 2423 Sed
747 2394 889 2437 quum,
930 2380 1088 2420 iniussu
1128 2378 1309 2419 Bostaris
1347 2376 1556 2433 praefecti,
1596 2375 1692 2416 satis

329 2443 462 2491 sciret,
480 2440 582 2482 nihil
603 2438 792 2481 obsidum
812 2437 1002 2478 custodes
1016 2437 1193 2477 facturos
1207 2450 1304 2484 esse,
1323 2434 1536 2475 Bostarem
1556 2433 1691 2489 ipsum

372 2576 391 2602 4
402 2566 455 2594 Ad
463 2566 586 2595 Novam
594 2563 746 2599 Classem]
758 2561 880 2592 Urbem
891 2570 987 2599 quan·
1075 2569 1091 2597 5
1109 2560 1148 2589 P.
1161 2559 1282 2597 Scipio]
1302 2556 1369 2592 Qui
1384 2555 1503 2595 primus
1516 2565 1587 2585 cum
1602 2555 1692 2584 Han-

330 2608 403 2637 dam
420 2606 470 2636 hic
486 2605 724 2645 intelligendam
740 2614 806 2634 esse
822 2606 920 2642 patet,
934 2603 988 2632 sed
1032 2601 1138 2631 nibale
1167 2604 1371 2640 pugnaverat,
1395 2602 1427 2628 et
1450 2598 1500 2628 cui
1523 2600 1594 2636 post
1620 2606 1692 2626 con-

331 2650 370 2678 de
400 2648 526 2677 nomine
552 2648 618 2677 eius
642 2646 820 2685 ambigitur.
866 2645 989 2676 Urbem
1033 2644 1171 2673 sulatum
1197 2641 1365 2681 imperium
1392 2643 1592 2679 prorogatum
1615 2641 1691 2668 erat.

331 2691 511 2727 Classicam,
523 2690 562 2719 de
578 2700 640 2727 qua
655 2689 778 2718 Plinius
791 2688 835 2718 H.
850 2688 892 2718 N.
905 2687 947 2717 iii.
959 2699 987 2725 4.
1033 2685 1172 2716 Smom.

332 2731 524 2761 mentionem
547 2732 632 2767 facit,
648 2731 805 2761 Strothius
826 2729 877 2759 hic
900 2729 988 2759 innui
1079 2727 1098 2757 6
1121 2729 1255 2758 Portum
1284 2725 1472 2756 Tarraconis
1497 2734 1536 2754 ex
1561 2723 1624 2753 alto
1650 2726 1691 2753 te-

332 2773 516 2812 suspicatur.
561 2773 710 2803 Ceterum
729 2774 768 2802 de
791 2772 838 2809 iis,
854 2782 934 2810 quae
956 2771 988 2800 in
1032 2771 1120 2807 nuit]
1152 2769 1204 2799 De
1230 2769 1290 2798 hac
1316 2765 1464 2805 loquendi
1488 2765 1624 2795 formula
1651 2764 1690 2794 cf.

333 2816 392 2845 hoc
416 2815 520 2854 capite
546 2818 720 2851 narrantur,
746 2814 815 2845 silet
838 2813 989 2853 Polybius
1032 2822 1114 2850 supr.
1133 2811 1151 2841 i.
1173 2821 1197 2842 Ι.
1223 2811 1291 2841 infr.
1308 2807 1426 2841 xxxvii.
1447 2817 1491 2839 11.

332 2858 375 2888 iii.
390 2858 439 2897 96.
