1871 3178
494 88 529 128 l
543 87 618 128 IB.
655 87 826 129 XXIX.

87 192 105 219 4
120 175 400 217 ‘inambulare
433 177 474 217 in
505 178 734 233 wymnasio,
770 177 917 218 libellis
945 193 1040 217 eum
1070 177 1380 234 palaestraeque
1407 195 1505 234 opt-
1524 194 1562 224 U
1581 196 1617 224 (·
1642 197 1712 232 5⁴⁸-

87 238 230 276 s‘ram
271 233 392 274 dare:
437 249 568 289 aeque
605 235 787 288 seuniter
825 234 1086 289 molliterque
1128 234 1340 275 cohortem
1377 246 1528 276 ιοῑιιιιιι
1520 238 1557 267 Λ
1582 239 1618 266 (¹-
1647 247 1713 274 204-

119 295 130 312 ‘
147 289 443 346 Syracusarum
461 291 710 331 amoenitate
733 291 835 330 frui:
874 290 1170 346 Carthaginem
1189 301 1315 346 atque
1341 292 1505 333 [Ianni-

120 347 279 387 ‘balcm
309 347 512 388 excidisse
539 348 591 387 de
621 347 842 388 ιιιοιιιοιίιιι
877 348 1108 388 exereitum
1140 363 1307 389 omnem
1339 349 1505 389 licentia

119 409 129 426 ‘
147 412 401 458 corruptum,
420 404 553 468 qualis
578 404 794 444 Sucrone
786 419 827 444 m
852 404 1057 459 IIispania
1077 405 1214 453 fuerit,
1237 405 1370 460 qualis
1392 421 1503 446 nuuc

119 465 130 483 ‘
147 459 304 509 Locus,
347 461 467 501 sociis
508 461 650 516 magis,
693 475 817 524 quam
859 461 980 509 hosti,
1024 461 1310 502 metuendum.
1316 463 1324 479 '
1386 462 1503 503 llaec
1582 467 1647 503 20.

117 531 358 572 quanquam
388 518 537 573 partim
567 532 674 566 vera,
701 518 850 572 partim
880 518 1023 567 mixta,
1053 533 1187 573 eoque
1219 518 1369 559 similia
1398 520 1504 559 xeris
1520 520 1644 550 mett—115

118 573 388 622 iactabantur‚
421 574 519 614 vicit
546 583 685 615 tamen
718 574 770 621 Q.
792 573 956 614 Metelli
982 575 1212 615 sententia:
1247 576 1333 630 qui,
1356 576 1408 616 de
1437 569 1675 634 c-dff'ff'JM

118 631 214 671 teris
238 606 428 671 Maximo
449 646 649 679 assensus,
673 630 724 670 de
750 630 956 695 Scipionis
977 646 1100 672 causa
1120 631 1324 673 dissensit.
1389 634 1502 680 ‘Qui
1520 646 1623 684 pium.

119 688 258 728 ‘enim
290 688 525 735 convenire,
558 702 684 742 quem
716 687 840 727 modo
872 688 1014 729 civitas
1051 688 1245 729 iuvenem
1276 689 1503 729 admodum

119 744 451 799 ‘recuperandae
485 743 714 799 Hispaniae
744 743 947 799 delegerit
974 745 1137 793 ducem,
1169 761 1308 800 quem,
1338 755 1505 801 recepta

119 801 195 841 ‘ab
217 801 403 841 hostibus
426 800 643 855 Hispania,
662 800 714 840 ad
736 800 1039 865 imponendum
1062 801 1225 843 Punico
1246 803 1355 843 bello
1376 804 1504 843 finem

119 857 348 898 ‘creaverit
368 857 595 906 consulem,
618 872 690 912 spe
713 857 983 898 destinaverit
1006 858 1288 899 Hannibalem
1311 875 1362 900 ex
1386 859 1505 900 Italia

119 913 439 963 ‘detracturum,
463 914 649 954 Africam
671 915 953 963 subacturum,
976 930 1072 955 eum
1094 925 1280 970 repente,
1305 928 1504 980 tanquam

117 975 130 994 ‘
146 971 199 1035 Q.
218 970 487 1020 Pleminium,
511 971 669 1012 indicta
689 986 812 1011 causa
832 987 960 1035 prope
983 972 1238 1020 damnatum,
1262 988 1314 1013 ex
1337 974 1504 1028 provin-

117 1027 210 1068 ‘cia
224 1028 437 1068 revocari?
468 1043 600 1083 quum
621 1042 682 1076 ea,
705 1042 811 1082 quae
834 1029 877 1067 in
898 1044 940 1068 se
962 1029 1118 1068 nefarie
1140 1029 1232 1068 facta
1225 1044 1247 1068 ·ι
1275 1029 1505 1070 Locrenses

119 1089 431 1139 ‘quererentur,
450 1100 503 1125 ne
525 1093 742 1140 praesente
760 1085 931 1139 quidem
957 1084 1151 1140 Scipione
1173 1085 1266 1126 fact·
1259 1102 1282 1126 ιι
1302 1086 1503 1135 dicerent,

119 1147 281 1196 ‘neque
311 1140 437 1190 aliud,
461 1156 586 1196 quam
616 1141 830 1196 patientia,
854 1151 926 1182 aut
955 1141 1101 1196 pudor,
1124 1142 1240 1197 quod
1268 1143 1404 1197 leuato
1432 1158 1505 1198 pc-

119 1197 353 1253 ‘percisset,
376 1198 606 1238 insimulari
628 1198 788 1253 possit?
828 1198 915 1239 Sibi
942 1198 1117 1253 plaeere,
1141 1199 1202 1239 M.
1223 1199 1504 1255 Pomponium

119 1260 391 1318 ‘praetorem,
429 1255 496 1294 cui
540 1254 681 1295 Sicilia
712 1255 927 1310 provincia
965 1264 1073 1296 so1te
1116 1257 1331 1304 evenisset,
1367 1256 1505 1297 triduo

85 1319 106 1351 6
120 1316 131 1335 ‘
119 1326 338 1392 ‘proximo
360 1326 402 1351 ιιι
423 1311 678 1367 provinciam
701 1311 929 1366 proficisci:
964 1312 1153 1352 consules
1167 1312 1313 1353 decem
1335 1313 1504 1368 legatos,

119 1373 249 1424 ‘quos
279 1383 329 1408 ns
358 1368 581 1417 videretur,
614 1383 666 1409 ex
698 1378 844 1409 senatu
875 1368 1025 1423 legere,
1056 1384 1160 1424 quos
1191 1385 1286 1410 cum
1316 1379 1505 1425 praetore

87 1422 372 1489 g‘mitterent,
399 1434 441 1465 et
465 1425 570 1466 duos
592 1426 779 1465 tribunos
808 1425 958 1480 plebei,
985 1434 1109 1480 atque
1138 1426 1328 1467 aedilem.
1394 1426 1506 1468 Cum

121 1487 196 1522 ‘eo
217 1481 389 1522 consilio
410 1490 643 1537 praetorem
665 1497 926 1536 cognoscem.
992 1482 1036 1523 Si
1061 1498 1121 1531 ea,
1145 1499 1216 1537 qu
1205 1498 1252 1523 ie
1275 1483 1507 1524 Locrenses

121 1538 253 1579 ‘facta
282 1548 570 1593 quererentur,
603 1516 741 1579 iussu⁶
747 1547 818 1579 aut
848 1539 1061 1580 voluntate
1094 1540 1140 1580 P.
1164 1540 1370 1595 Scipionis
1400 1541 1508 1580 facta

122 1600 297 1644 ‘essent,
329 1604 376 1635 ut
411 1610 508 1635 eum
544 1595 596 1635 de
635 1595 848 1650 provincia
879 1595 1080 1636 decedere
1112 1596 1316 1637 iuberent.
1382 1597 1425 1637 Si
1457 1597 1504 1637 P.

122 1657 134 1676 ‘
152 1651 294 1707 Scipio
331 1652 413 1692 iam
446 1652 490 1691 in
527 1652 714 1692 Africam
748 1652 986 1701 traiecisset,
1021 1653 1178 1693 tribuni
1214 1652 1346 1708 plebis
1379 1663 1505 1708 atque

122 1709 292 1749 ‘aedilis
320 1723 416 1749 cum
443 1708 606 1749 duobus
627 1708 784 1764 legatis,
807 1723 911 1763 quos
936 1709 1118 1750 maxime
1146 1718 1310 1764 praetor
1335 1709 1508 1750 idoneos

122 1765 384 1814 ‘censuisset,
426 1765 470 1805 in
519 1765 705 1806 Africam
745 1765 1130 1820 proficiscerentur:
1183 1767 1340 1808 tribuni
1381 1776 1506 1822 atque

872 89 1118 130 (J›x1‘·.›‹›.
1422 96 1498 131 ⁴81

124 1936 192 1967 127.
238 1928 311 1958 Iam
328 1937 401 1958 vero
418 1927 565 1966 crepidae
581 1927 682 1966 ipsae,
703 1936 790 1965 prae·
835 1929 890 1967 qui
918 1938 982 1958 non
1012 1930 1047 1958 in
1078 1930 1202 1966 libellis,
1225 1930 1280 1960 sed
1300 1931 1336 1960 in
1361 1932 1508 1960 maximis

120 1974 267 2008 terquam
301 1970 387 2008 quod
420 1979 485 1998 non
516 1969 697 2005 Romanae,
727 1979 791 1997 non

121 2011 198 2041 satis
227 2021 267 2042 ex
294 2011 449 2049 dignitate
479 2010 681 2049 imperatoris
708 2010 792 2039 vide-

121 2054 238 2083 bantur
273 2063 351 2082 esse.
408 2053 501 2082 Idem
539 2052 639 2081 ferme
676 2051 793 2081 obiecit

121 2095 236 2126 Cicero
252 2094 357 2125 Verri.
400 2095 494 2124 Stetit
513 2094 649 2123 soleatus
661 2098 794 2132 praetor

118 2138 233 2176 populi
248 2137 386 2166 Romam·
407 2147 478 2166 cum
496 2136 597 2174 pallio
616 2145 792 2174 purpureo.

121 2179 232 2209 Soleae
259 2178 344 2208 enim
374 2177 460 2207 idem
487 2178 552 2207 fere
578 2180 680 2213 erant,
707 2177 792 2214 quod

122 2221 280 2259 crepidae.
324 2221 371 2250 Iis
390 2221 580 2259 plantarum
602 2220 702 2249 calces
723 2223 793 2248 tan-

123 2263 280 2292 tummodo
302 2263 411 2300 infime
438 2263 635 2300 teyebantur.
681 2261 794 2290 Cetera

120 2314 222 2342 prope
264 2305 351 2333 nuda
394 2308 424 2334 et
468 2304 619 2334 teretibus
662 2303 794 2333 habenis

123 2347 244 2381 vincta,
265 2349 300 2374 ut
320 2345 417 2374 habet
438 2345 526 2375 Geli.
551 2345 623 2374 loco
644 2343 707 2373 iam
729 2354 793 2374 me-

124 2390 258 2417 morato.
303 2386 533 2416 Germanicum
559 2396 687 2425 quoque
714 2386 792 2416 Cae-

125 2438 228 2459 sarem
240 2439 260 2458 a
272 2427 401 2458 Tiberio
418 2428 619 2467 perstrictum
636 2428 668 2457 in
681 2431 794 2457 senatu

125 2474 238 2500 auctor
257 2474 303 2500 est
325 2469 470 2506 Tacitus,
487 2470 570 2500 Ann.
588 2469 618 2499 ii.
638 2478 686 2510 59.
709 2469 794 2508 quod

126 2512 158 2542 in
185 2512 334 2551 Aegypto
360 2513 496 2550 pedibus
521 2513 658 2547 intectis,
683 2511 717 2540 id
747 2515 794 2540 est

125 2555 266 2584 soleatus
299 2553 519 2592 crepidatum-e
547 2553 736 2590 incessisset,
764 2557 794 2583 et

123 2597 200 2636 pari
216 2606 286 2625 cum
303 2597 435 2626 Graecis
451 2596 578 2625 amictu.
603 2595 709 2625 CREV.

170 2650 189 2676 4
211 2638 343 2667 Libellis
364 2648 434 2668 eum
456 2638 717 2676 palaestraeque]
742 2637 794 2666 Li-

127 2681 221 2710 bellos
249 2679 301 2709 hic
332 2678 542 2718 intelligimus
570 2689 589 2708 a
618 2678 796 2708 rhetoribus

128 2720 369 2761 philosophisve
397 2720 593 2759 conscriptos
623 2725 655 2749 et
682 2730 794 2759 propo-

128 2763 205 2793 sitos
248 2762 467 2793 auditoribus:
522 2762 794 2800 quemadmodum

129 2805 217 2843 apud
238 2804 306 2835 Cic.
323 2805 363 2835 de
380 2804 434 2835 Or.
451 2804 471 2835 i.
492 2813 559 2843 105.
575 2809 671 2843 atque
689 2815 728 2834 em
751 2814 795 2834 eo.

187 2859 284 2885 VOL.
309 2859 352 2886 11.

835 1971 952 2005 causis,
967 1974 998 2000 et
1020 1972 1055 1999 in
1075 1971 1132 2000 hoc
1154 1972 1308 2001 domicilio
1331 1973 1457 2010 imperii
1478 1977 1508 2002 et

833 2012 968 2049 yloriae.
993 2013 1035 2041 sit
1063 2013 1191 2042 consilio
1217 2014 1394 2052 linquaque
1415 2014 1507 2051 prin-

837 2063 918 2090 ceps.
942 2053 1047 2084 Casv.

881 2102 898 2132 5
923 2094 1086 2124 Cohortem
1107 2096 1220 2132 totam]
1249 2095 1380 2125 Amicos
1398 2106 1508 2126 omnes

838 2139 869 2164 et
906 2135 1067 2165 ministros
1104 2137 1310 2175 proconsulis.
1365 2138 1509 2167 Cohortz's

837 2177 966 2208 nomine
979 2178 1185 2217 designantur
1200 2178 1221 2208 ii
1239 2180 1293 2217 qui
1308 2180 1507 2218 magistratui

837 2219 869 2248 in
892 2219 1057 2258 provincia
1077 2221 1205 2255 adsunt,
1222 2221 1404 2257 consiliarii,
1419 2222 1507 2251 adiu-

837 2265 932 2297 tores,
955 2261 1144 2292 administri.
1191 2262 1234 2292 Et
1256 2263 1300 2292 sic
1322 2263 1438 2302 passim
1455 2263 1506 2294 Ci-

839 2313 910 2333 cero
926 2303 987 2333 hoc
1004 2314 1121 2333 nomen
1138 2310 1271 2343 usurpat
1287 2304 1318 2334 in
1333 2305 1422 2335 libris
1435 2315 1507 2334 con<

837 2348 886 2374 tra
904 2345 1049 2376 Verrem.
1073 2346 1179 2377 szv.

881 2386 900 2416 6
923 2388 1038 2418 Decem
1055 2388 1188 2426 leyatos]
1217 2387 1382 2418 Numerus
1396 2388 1449 2419 hic
1465 2390 1507 2419 ad

838 2429 940 2459 decem
967 2431 1088 2467 primos
1115 2433 1276 2459 senatores
1299 2430 1386 2460 haud
1410 2431 1506 2461 dubie

839 2474 973 2509 spectat.
996 2471 1035 2500 cf.
1045 2470 1179 2501 Niebhr.
1193 2470 1212 2501 i.
1227 2481 1257 2501 n.
1274 2472 1342 2510 785.
1359 2472 1391 2503 ii.
1402 2483 1432 2502 n.
1447 2483 1496 2510 4²·

884 2521 898 2549 7
922 2513 1013 2542 Duos
1035 2514 1180 2542 tribunos
1202 2514 1321 2552 plebei]
1348 2515 1387 2544 cf.
1412 2514 1506 2553 Supr.

839 2553 881 2583 ix.
898 2563 927 2593 9.
945 2558 975 2582 et
993 2562 1042 2592 37.

882 2595 900 2625 8
925 2595 1004 2625 Cum
1033 2606 1068 2626 eo
1096 2598 1227 2627 consilio
1252 2602 1431 2636 praetorem
1461 2609 1508 2629 co-

836 2639 1002 2675 ynoscere]
1043 2647 1084 2668 sc.
1116 2638 1338 2669 Assidentibus
1375 2640 1510 2670 tribunis

840 2679 958 2717 plebei,
974 2679 1081 2715 aedili,
1097 2686 1129 2710 et
1145 2681 1257 2710 decem
1274 2681 1397 2720 legatis,
1413 2692 1508 2720 quae-

840 2721 975 2750 stionem
998 2722 1038 2751 de
1057 2721 1105 2759 iis,
1121 2732 1203 2761 quae
1226 2722 1368 2762 Scipioni
1385 2724 1509 2754 obiecta

840 2767 942 2798 eraut,
958 2762 1085 2793 habere.

1231 2849 1279 2887 li
