1877 3178
342 94 420 132 166
860 90 1007 132 ΤΙΤΙ
1043 89 1221 131 LIVII

137 191 181 222 U.
197 190 235 221 C.
259 195 333 229 537·
344 187 355 205 ⁶
375 180 602 230 Hannibal,
617 180 771 221 fuimus
791 181 972 236 primum
994 195 1068 236 per
1085 195 1159 221 nos
1181 180 1271 236 ipsi,
1287 179 1426 234 quoad
1446 188 1586 221 nostra
1601 193 1727 228 arma,

137 234 176 264 A
200 233 238 264 C·
261 239 332 270 ²¹5·
346 244 357 262 ‘
374 246 536 279 nostrae
568 238 675 278 vires
710 252 785 278 nos
818 238 941 278 tutari
976 244 1179 292 poterant.
1242 236 1470 292 Postquam
1502 237 1551 276 iis
1581 250 1728 292 parum

347 295 614 344 ί11110110111105,
649 294 812 350 Pyrrho
847 294 934 349 regi
969 309 1045 334 nos
1080 293 1374 333 adiunximus·
1365 324 1376 357 ².
1418 308 1442 333 a
1477 308 1560 348 quo
1595 292 1729 334 relicti

348 357 519 408 ‘pacem
540 351 813 392 necessariam
837 350 1084 405 accepimus,
1105 350 1376 413 fuimusque
1367 365 1410 389 m
1432 364 1481 390 ea
1499 364 1574 405 per
1600 363 1729 390 annos
1743 363 1760 394 5

349 415 502 464 ‘’plope
524 408 841 463 quinquaginta,
865 407 917 447 ad
938 407 981 447 id
1002 415 1178 462 tempus,
1202 421 1286 461 quo
1317 406 1361 445 in
1382 405 1546 446 Italiam
1568 405 1727 446 venisti.

350 471 362 489 ‘
378 465 473 506 Tua
485 480 561 505 nos
581 480 667 505 non
689 479 818 519 magls
839 464 900 504 vir
904 472 968 504 tus
988 464 1250 518 fortunaque,
1269 477 1394 518 quam
1416 463 1539 503 unica
1560 463 1731 503 comitas

351 527 362 545 ⁶
378 537 425 563 ac
454 522 690 576 benignitas
718 536 815 575 erga
835 521 945 560 cives
975 529 1148 568 nostros,
1171 534 1275 575 quos
1300 527 1440 574 captos
1468 519 1587 560 nobis
1607 519 1732 559 remi-

351 583 363 602 ‘
377 579 477 628 sisti,
500 579 558 618 ita
577 577 813 618 conciliavit
835 577 922 625 tibi,
940 585 998 625 ut,
1022 586 1061 617 te
1084 577 1193 617 salvo
1215 585 1339 631 atque
1362 575 1562 617 incolumi
1582 576 1729 624 amico,

351 641 362 658 ‘
379 650 464 676 non
485 635 610 675 modo
631 634 833 689 populum
857 634 1110 682 Romanum,
1125 633 1197 673 sed
1219 648 1271 673 ne
1293 633 1393 673 deos
1414 632 1586 688 quidem
1607 632 1732 673 iratos

352 692 430 746 ⁶(si
450 692 533 732 dici
553 692 612 731 fas
633 692 714 746 est)
735 691 986 731 timeremus.
1050 691 1122 739 At,
1144 690 1326 738 hercule,
1349 705 1434 730 non
1462 689 1627 730 solum
1617 704 1733 730 mco—

352 748 483 789 ‘lumi
513 756 555 788 et
581 748 749 796 victore,
772 747 845 788 sed
872 755 1089 802 praesente
1121 755 1175 796 te,
1205 761 1335 802 quum
1365 746 1573 802 ploratum
1603 760 1733 801 prope

353 810 363 828 ‘
380 806 640 860 coniugum
628 819 675 845 ac
703 804 925 845 liberorum
952 813 1187 844 nostrorum
1219 803 1431 852 exaudire,
1455 812 1498 844 et
1517 802 1734 858 flagrantia

353 867 489 903 ‘tecta
518 876 657 916 posses
687 861 939 916 conspicere,
966 861 1024 901 ita
1054 875 1195 901 sumus
1225 860 1444 915 aliquoties
1471 860 1548 900 hac
1579 867 1733 900 aestate

353 918 594 966 ‘devastati‚
636 925 682 958 ut
730 917 790 958 M.
816 917 1054 965 Marcellus,
1096 933 1181 957 non
1228 916 1454 966 Hannibal,
1495 916 1639 958 vicisse
1681 915 1734 956 ad

353 980 365 998 ‘
384 975 552 1015 Cannas
581 974 793 1022 videatur3
841 974 1153 1029 glorienturque
1197 973 1391 1023 Romani,
1424 982 1478 1022 te,
1509 973 1562 1013 ad
1602 987 1766 1047 unum6

353 1036 365 1054 ‘
382 1031 505 1071 modo
526 1031 655 1071 ictum
677 1031 900 1085 vigentem,
923 1030 1037 1071 velut
1058 1030 1201 1071 aculeo
1229 1031 1391 1079 emisso,
1414 1039 1589 1085 torpere
1652 1015 1766 1098 Per6

354 1093 551 1128 ‘centnm
567 1102 696 1142 prope
714 1102 844 1127 annos
861 1102 956 1126 cum
970 1086 1124 1141 populo
1140 1087 1332 1127 Romano
1348 1086 1503 1127 bellum
1519 1066 1766 1142 gessimus,7

354 1143 494 1184 ‘nullo
515 1152 690 1183 externo
703 1143 835 1182 adiuti
855 1158 933 1183 nec
955 1143 1074 1191 duce,
1092 1157 1170 1183 nec
1192 1143 1404 1183 exercitu:
1437 1143 1517 1182 nisi
1534 1143 1648 1197 quod
1661 1157 1735 1198 per

354 1200 596 1240 ‘biennium
632 1199 818 1254 Pyrrhus
848 1207 988 1239 nostro
1029 1199 1158 1254 magis
1191 1199 1322 1239 milite
1355 1214 1447 1239 suas
1479 1200 1596 1240 auxit
1615 1200 1734 1249 vires,

355 1263 507 1311 ‘quam
530 1256 614 1296 suis
634 1256 789 1296 viribus
816 1271 892 1296 nos
913 1255 1111 1296 defendit.
1177 1255 1277 1296 Non
1299 1271 1376 1311 ego
1401 1256 1594 1296 secundis
1614 1257 1736 1297 rebus

355 1320 365 1336 ‘
383 1313 532 1354 nostris
563 1312 781 1367 gloriabor,
804 1312 908 1352 duos
933 1312 1134 1361 consules,
1157 1327 1204 1352 ac
1226 1312 1330 1353 dnos
1362 1313 1598 1353 consulares
1618 1328 1737 1354 exer-

356 1376 366 1392 ‘
379 1370 486 1409 citus
507 1384 531 1409 a
550 1369 669 1409 nobis
689 1370 764 1409 5111)
786 1370 931 1424 iugum
952 1369 1108 1417 missos,
1127 1377 1168 1409 01
1189 1370 1221 1409 51
1244 1384 1327 1424 qua
1347 1369 1426 1410 alia
1446 1378 1517 1410 aut
1538 1369 1645 1410 laeta
1665 1378 1736 1411 aut

355 1425 557 1481 ‘gloriosa
582 1426 703 1466 nobis
733 1435 972 1466 evenerunt.
1039 1426 1159 1473 Quae
1181 1441 1326 1481 aspera
1354 1426 1607 1481 adversaque
1637 1435 1736 1468 tunc

356 1482 634 1530 ‘acciderunt,
657 1482 816 1523 minore
848 1483 1136 1537 indignatione
1168 1483 1320 1523 referre
1351 1498 1580 1539 possumuS,
1610 1498 1736 1539 quam

356 1545 367 1562 ‘
384 1554 490 1594 quae
531 1539 657 1579 1101110
690 1539 899 1579 eveniunt.
963 1539 1111 1594 Magni
1144 1539 1364 1580 dictatores
1398 1555 1492 1580 cum
1534 1541 1738 1595 magistris

357 1602 366 1619 ⁶
381 1596 585 1650 equitum,
602 1595 690 1635 bini
716 1595 905 1635 consules
926 1610 1021 1635 curn
1044 1596 1152 1636 binis
1182 1596 1466 1637 consularibus
1487 1597 1737 1638 exercitibus

357 1652 723 1707 ‘ingrediebantur
749 1651 852 1691 fines
880 1661 1066 1692 nostros·
1058 1683 1067 1700 ,
1101 1661 1196 1692 ante
1225 1653 1452 1707 explorato,
1475 1662 1517 1694 et
1544 1654 1738 1695 subsidiis

358 1709 541 1764 (Ρο51115,
556 1716 598 1748 01
618 1709 694 1748 sub
715 1708 842 1763 signis
863 1708 916 1748 ad
935 1708 1063 1763 popul
1066 1708 1222 1749 andum
1243 1708 1475 1750 ducebant.
1508 1726 1621 1751 nunc
1642 1723 1769 1766 pro-8

358 1765 584 1820 ‘praetoris
601 1765 724 1805 unius
737 1773 779 1805 et
792 1780 831 1820 pz
821 1780 864 1804 11
866 1780 906 1805 Vl
927 1765 980 1805 ad
995 1765 1193 1806 tuendam
1213 1765 1366 1806 Nolam
1376 1766 1569 1821 praesidii
1583 1767 1738 1822 praeda

357 1828 368 1845 ‘
385 1836 537 1862 sumus.
601 1820 689 1861 Iam
703 1836 755 1862 ne
773 1822 1063 1876 manipulatim
1080 1822 1264 1877 quidem,
1280 1822 1353 1863 sed
1373 1823 1580 1863 latronum
1598 1824 1736 1889 modo,

358 1885 628 1933 ‘percursant
659 1878 754 1918 totis
785 1878 937 1919 finibus
971 1879 1120 1919 nostris
1150 1879 1441 1935 negligentius,
1474 1895 1600 1935 quam
1630 1881 1664 1921 si
1693 1881 1738 1921 in

358 1942 368 1958 ‘
388 1935 580 1975 Romano
604 1944 853 1990 vagarentm
882 1950 991 1989 agro.
1056 1934 1194 1975 Causa
1223 1945 1363 1977 autem
1393 1936 1495 1977 haec
1526 1945 1600 1987 est,
1624 1937 1739 1992 quod

358 1998 369 2015 ‘
382 2007 520 2047 neque
543 1999 589 2031 10
610 1991 812 2040 defendis,
835 2001 877 2032 01
898 2001 1037 2033 nostia
1058 1993 1264 2042 iuventus,
1282 2007 1403 2057 quae,
1426 1993 1460 2033 si
1481 1993 1595 2034 domi
1617 2003 1736 2044 esset,

359 2056 368 2072 ‘
387 2056 602 2097 tutaretur,
640 2048 774 2089 omnis
814 2049 890 2089 sub
925 2050 1053 2114 signis
1094 2049 1243 2090 militat
1275 2049 1367 2090 tuis.
1430 2050 1523 2091 Nec
1565 2059 1618 2100 te,
1660 2067 1738 2093 nec

358 2112 367 2128 ‘
385 2105 614 2146 exercitum
632 2113 751 2145 tuum
771 2106 927 2169 norim,
934 2106 1026 2155 nisi,
1041 2122 1065 2147 a
1085 2121 1169 2161 quo
1191 2115 1252 2147 tot
1274 2106 1484 2147 Romanas
1506 2107 1614 2148 acies
1629 2108 1738 2149 fusas

358 2168 368 2185 ‘
385 2170 614 2216 stratasque
636 2177 722 2202 esse
737 2162 875 2211 sciam,
893 2162 932 2203 01
948 2138 1065 2203 facile
1083 2178 1169 2203 esse
1184 2163 1335 2203 ducam
1356 2164 1588 2218 opprimere
1604 2179 1738 2220 popu-

358 2218 532 2259 ‘latores
564 2227 724 2259 nostros
754 2233 891 2273 vagos,
923 2219 1011 2259 sine
1043 2219 1181 2274 signis,
1211 2219 1381 2274 palatOS,
1411 2235 1494 2275 quo
1526 2235 1736 2277 quemque

399 2397 415 2427 5
439 2389 507 2419 Per
523 2399 623 2419 armos
643 2399 745 2427 prope
767 2390 1020 2428 quinquaqinta]
1069 2398 1143 2419 usus
1158 2392 1205 2419 est
1223 2389 1265 2424 Q.
1282 2389 1372 2420 Cnrt.
1389 2390 1429 2420 iv,
1450 2400 1496 2428 14.
1523 2390 1631 2422 DOER.
1677 2392 1738 2423 Ce-

356 2430 503 2469 Sigonius
524 2430 585 2469 legi
609 2430 698 2460 iubet
720 2441 822 2469 prope
845 2432 1022 2469 seavyinla.
1068 2434 1170 2460 terum
1209 2433 1318 2462 aculeo
1354 2433 1467 2463 amisso
1504 2443 1543 2462 ex
1577 2434 1736 2464 emendat.

357 2473 406 2502 Ab
420 2482 503 2502 anno
516 2472 601 2502 enim
615 2472 702 2502 U.C.
717 2473 788 2509 480.
800 2482 862 2510 quo
876 2482 938 2510 pax
950 2483 1022 2502 cum
1069 2473 1196 2502 Trilleri
1212 2473 1352 2512 reposuit
1369 2474 1507 2504 Bekker.

356 2514 552 2544 Samnitibus
575 2524 749 2553 eorumque
770 2514 861 2543 sociis
877 2515 961 2544 facta
977 2514 1022 2543 fn-
1118 2523 1134 2553 7
1160 2516 1228 2546 Per
1257 2520 1383 2546 centum
1408 2527 1510 2555 prope
1538 2517 1656 2554 annos]
1696 2517 1736 2547 cf.

355 2560 432 2592 erat,
449 2557 489 2585 ad
505 2566 625 2585 annum
643 2564 659 2595 5
665 2566 713 2595 34.
728 2566 791 2594 quo
809 2556 974 2586 Hannibal
991 2556 1022 2586 in
1069 2556 1161 2595 Supr.
1179 2565 1207 2595 5.

358 2597 485 2626 Italiam
511 2598 608 2634 venit,
626 2598 701 2627 anni
724 2601 798 2628 sunt
820 2602 970 2636 quattuor
992 2602 1023 2628 et
1115 2600 1133 2629 8
1155 2601 1256 2630 Nunc
1280 2601 1498 2639 propraetoris
1526 2601 1642 2638 unius]
1684 2600 1736 2631 Ita

356 2638 596 2677 quinquaginta.
621 2641 726 2670 Cnsv.
1069 2640 1207 2671 Bekker.
1224 2651 1262 2671 ex
1280 2642 1463 2672 coniectura
1474 2642 1616 2672 Walchii
1629 2651 1735 2672 emen-

398 2678 417 2708 6
448 2681 537 2710 Ielut
552 2683 661 2712 aculeo
675 2683 800 2719 emisso]
830 2682 881 2712 De
899 2683 1021 2721 elegan
1067 2683 1165 2714 davit.
1201 2684 1298 2722 Vulg.
1314 2694 1402 2714 mmo
1414 2694 1515 2722 prope
1531 2685 1640 2720 anim,
1650 2684 1734 2722 quod

356 2719 400 2749 tia
423 2720 517 2751 huius
540 2722 684 2752 lectionis
703 2734 722 2753 a
737 2724 877 2753 Gronov
900 2724 931 2753 in
955 2728 1022 2754 tex-
1067 2726 1159 2755 Crev.
1177 2725 1317 2755 retinuit.
1361 2727 1461 2756 Nunc
1479 2726 1606 2764 proprii
1624 2727 1735 2763 unius,

356 2766 424 2790 tum
442 2767 547 2801 rtecep
539 2773 587 2792 ae
604 2774 697 2793 nemo
714 2766 1021 2796 (1001111001Εο-
1068 2767 1187 2798 Stroth.
1203 2777 1242 2797 ex
1259 2767 1392 2798 coniect.
1411 2767 1550 2798 Gronov.
1567 2766 1705 2798 admisit.

356 2804 428 2833 dem
466 2805 505 2833 ab
544 2805 657 2843 apibus
698 2807 793 2836 ducta
834 2807 1020 2845 metaphora
