1809 3178
506 134 630 177 LIB.
664 135 790 177 XXI.
837 137 872 178 (J
888 136 982 179 ΑΡ.
1017 143 1052 180 2.
1443 148 1468 185 3

53 216 252 271 8spiritus
268 219 400 262 virum
426 222 564 264 Sicilia
587 224 860 280 Sardiniaque
883 227 1077 268 amissae:
1112 243 1207 269 nam
1225 239 1266 269 et
1286 229 1466 272 Siciliam
1486 242 1652 273 namium·

52 273 208 322 9nimis
238 276 359 317 celeri
393 279 680 334 desperatione
712 297 848 322 rerum
880 298 1129 333 concessam,
1159 295 1201 326 et
1234 285 1682 356 Sardiniam2¹fi¹lffl¹¹¹¹¹h¹¹¹<¹ffi

84 329 194 371 inter
215 342 373 374 motum
410 336 573 377 Africae
599 338 743 378 fraude
777 340 1079 389 Romanorum,
1102 342 1310 397 stipendio
1341 345 1464 385 ctiam

84 386 254 443 insuper
290 391 494 446 imposito,
533 393 816 449 interceptam.

881 396 960 436 llis
1000 398 1148 438 anxius
1189 400 1297 440 curis
1334 401 1389 441 ita
1423 418 1464 442 se

55 461 66 481 1
85 442 228 485 Africo
250 447 372 495 bello,
395 449 507 503 quod
529 450 607 490 fuit
629 452 704 491 sub
727 462 936 493 recentem
962 454 1195 495 Romanam
1219 472 1378 511 pacem,
1393 474 1467 513 per

82 501 270 557 quinque
285 519 426 554 anuos,
451 506 507 546 ita
523 506 676 548 deinde
694 523 841 549 novem
857 510 975 550 annis
994 511 1034 551 111
1053 511 1257 568 Hispania
1273 515 1466 570 augendo

83 556 244 600 Punico
262 560 436 616 imperio
456 564 593 617 gessit,
615 573 659 604 ut
680 576 907 620 appareret,
927 568 1059 608 maius
1079 584 1189 617 eum,
1209 586 1333 625 quam
1352 572 1466 626 quod

80 625 254 667 gereret,
287 618 440 672 agitare
473 620 513 659 in
548 621 686 661 animo
720 623 897 663 bellum:
941 633 995 673 et,
1028 626 1060 665 si
1097 626 1252 667 diutius
1284 629 1464 677 vixisset,

82 670 319 714 Hamilcare
351 675 457 717 duce
488 677 652 717 Poenos
676 694 790 720 arma
819 679 962 721 Italiae
992 681 1175 723 illaturos
1200 685 1335 733 fuisse,
1359 702 1465 740 quac

49 742 65 762 2
83 726 331 771 Hannibalis
352 732 481 774 ductu
512 734 753 776 intulerunt.

818 737 935 778 Mors
962 738 1212 781 Hamilcaris
1240 757 1466 798 peroppor—
1481 752 1626 783 Moritur.

48 792 181 826 3tuna
211 795 252 827 et
285 790 463 843 pueritia
495 790 744 833 Hannibalis
778 794 1030 836 distulerunt
1060 797 1229 839 bellum.

81 840 318 885 Hasdrubal
340 846 448 887 inter
463 857 622 902 patrem
637 858 677 889 et
695 850 828 890 filium
843 861 936 892 octo
950 852 1078 894 ferme
1097 869 1227 895 annos
1242 856 1464 911 imperium

78 898 283 949 obtinuit3
326 903 425 944 flore
463 905 619 954 aetatis,
654 907 713 946 uti
744 908 895 957 ferunt,
927 909 1062 964 primo
1100 910 1328 953 Hamilcari
1365 929 1465 954 con-

76 954 260 998 ciliatus:
293 974 422 1013 gener
439 961 536 1002 inde
553 963 605 1002 ob
620 963 743 1003 altam
761 964 944 1005 indolem
959 977 1154 1021 provecto
1168 970 1287 1010 annis
1300 971 1463 1020 ascitus,

45 1020 130 1061 4et,
162 1014 260 1068 quia
289 1012 418 1069 gener
445 1027 544 1067 erat,
576 1019 767 1061 factionis
799 1021 999 1063 Barcinae
1028 1025 1188 1079 opibus,
1219 1042 1325 1082 quae
1352 1029 1464 1083 apud

77 1069 229 1111 milites
259 1072 508 1129 plebemque
542 1075 635 1130 plus
666 1092 791 1132 quam
825 1079 1012 1121 modicae
1050 1091 1180 1129 erant,
1213 1083 1325 1124 haud
1365 1100 1462 1126 sane

76 1126 287 1169 voluntate
318 1131 568 1187 principum,
602 1133 776 1189 imperio
808 1136 973 1190 potitus.
1037 1137 1090 1186 Is,
1123 1139 1241 1194 plura
1277 1142 1462 1189 consilio,

47 1197 202 1238 5quam
223 1186 276 1233 vi,
299 1202 459 1241 gerens,
482 1188 671 1244 hospitiis
688 1191 924 1246 regulorum
947 1195 1089 1249 magis,
1107 1197 1461 1253 conciliandisque

76 1255 151 1295 per
180 1242 404 1283 amicitiam
435 1245 671 1300 principum
702 1249 819 1287 novis
857 1250 1064 1303 gentibus,
1097 1268 1221 1306 quain
1254 1254 1362 1295 bello
1393 1265 1465 1296 aut

76 1298 211 1347 armis,
230 1313 315 1339 rem
341 1300 732 1356 Carthaginiensem
754 1305 881 1345 auxit.

76 1354 204 1395 tutior
216 1355 305 1396 fuit.

947 1306 1147 1348 Ceterum
1169 1310 1300 1349 nihilo
1322 1312 1357 1351 ei
1381 1327 1463 1366 pax

370 1354 575 1398 Barbarus
596 1375 693 1399 eum
710 1361 882 1415 quidam
898 1363 1047 1416 palam,
1066 1365 1118 1404 ob
1137 1365 1238 1405 iram
1257 1367 1463 1409 interfecti
1478 1377 1619 1408 Occisa-1.

76 1411 127 1451 ab
159 1427 208 1451 eo
239 1412 411 1462 domini,
443 1415 729 1464 obtruncavit3
761 1418 1170 1475 comprehensusque
1204 1423 1254 1463 ab
1288 1424 1465 1465 circum-

75 1468 278 1508 stantibus
298 1469 410 1510 haud
432 1470 524 1520 alio,
548 1487 673 1527 quam
695 1473 728 1512 si
749 1474 955 1523 evasisset,
978 1476 1107 1526 vultu,
1124 1480 1339 1520 tormentis
1360 1496 1464 1536 quo-

75 1539 158 1578 que
189 1540 320 1580 quum
356 1526 618 1577 laceraretur,
651 1544 701 1570 eo
731 1530 811 1570 fuit
842 1531 988 1572 habitu
1024 1534 1118 1582 oris,
1151 1544 1209 1584 ut,
1242 1548 1462 1593 superante

75 1580 232 1622 laetitia
261 1582 437 1632 dolores,
464 1585 637 1626 ridentis
668 1586 791 1626 etiam
825 1589 1006 1643 speciem
1037 1592 1285 1645 praebuerit.

1351 1595 1462 1635 Cum

75 1637 154 1678 hoc
187 1637 463 1690 Hasdrubale,
487 1642 585 1697 quia
613 1643 740 1684 mirae
766 1645 864 1685 artis
885 1645 928 1685 in
959 1646 1230 1690 sollicitandis
1254 1653 1461 1706 gentibus,

43 1700 64 1732 6
75 1694 335 1751 imperioque
352 1697 574 1752 iungendis
588 1714 662 1740 suo
676 1700 822 1750 fuerat,
837 1701 983 1743 foedus
999 1718 1266 1747 renovaverat
1283 1709 1462 1764 populus

75 1750 306 1802 Romanus,
343 1762 389 1794 ut
420 1755 515 1795 finis
547 1756 763 1813 utriusque
796 1758 962 1814 imperii
995 1771 1102 1803 esset
1137 1764 1270 1804 amnis
1303 1764 1460 1815 Iberus,

75 1884 151 1924 Ipse
168 1886 334 1917 Hannibal
352 1887 413 1918 1100
430 1898 522 1919 51111111
540 1888 747 1929 implacabile

74 1926 107 1956 in
122 1928 288 1959 Romanos
299 1930 409 1960 odium
423 1931 585 1961 Antiocho
602 1933 747 1972 exponit,

73 1968 145 2000 infr.
162 1980 259 2001 xxxv.
281 1981 326 2012 ¹9·

117 2012 135 2042 8
150 2013 294 2043 Siciliam
311 2038 317 2044 .
336 2038 342 2044 .
361 2037 368 2044 .
385 2018 578 2054 concessam]
606 2017 692 2047 Pace
704 2018 746 2048 ad

73 2053 212 2093 Aegates
234 2055 354 2086 insulas
374 2057 470 2091 facta.
495 2058 534 2087 dc
559 2058 649 2089 cuius
672 2069 744 2089 con-

73 2095 247 2127 ditionibus
263 2098 301 2128 cf.
320 2099 390 2129 Pol.
408 2099 427 2129 i.
445 2099 496 2136 62,
511 2099 562 2138 63.

114 2147 134 2178 9
156 2139 358 2177 Sardiniam]
397 2141 528 2171 Bellum
554 2142 661 2173 alieno
687 2154 744 2173 suo

72 2181 228 2218 tempore,
244 2191 299 2211 seu
313 2182 405 2219 veris,
417 2193 471 2212 5011
488 2184 570 2214 fictis
586 2186 625 2214 de
642 2186 744 2215 causis

72 2230 91 2250 a
118 2221 275 2252 Romanis
301 2224 440 2261 illatum,
464 2226 744 2264 Carthaginienses

72 2263 232 2302 suscipere
255 2265 412 2303 nolentes,
428 2276 491 2297 non
510 2269 606 2298 modo
623 2279 744 2300 cessere

73 2304 230 2343 Sardinia,
242 2307 296 2336 sed
309 2307 418 2345 etiam,
430 2310 667 2348 postulantibus
679 2312 742 2341 Ro-

72 2347 187 2384 manis,
213 2349 253 2378 ad
284 2349 420 2388 priorem
451 2361 621 2387 summam,
646 2363 742 2391 quam

72 2389 261 2428 pepigerant
284 2392 411 2427 foedere
433 2393 474 2422 ad
498 2394 637 2432 Aegates
658 2395 742 2425 insu-

72 2430 120 2460 las
149 2431 225 2467 icto,
254 2432 439 2464 adiecerunt
468 2436 590 2474 argenti
620 2437 743 2468 talenta

72 2471 164 2502 mille
179 2474 327 2505 ducenta.

119 2524 131 2544 1
149 2516 218 2545 Per
230 2517 371 2555 quinque
385 2519 502 2555 annos]
516 2519 647 2549 Bellum
659 2520 740 2550 Afri-

73 2565 147 2585 cum
164 2557 320 2596 Polybius
334 2557 352 2588 i.
371 2559 421 2588 88.
438 2560 538 2589 tribus
560 2561 652 2590 annis
672 2566 740 2591 tan-

72 2599 241 2628 tummodo
280 2609 353 2628 eum
391 2605 541 2639 quattuor
580 2603 742 2633 mensibus

71 2643 196 2678 gestum
213 2651 280 2671 esse
296 2641 413 2672 scribit.
437 2643 543 2673 CREr.

115 2691 132 2712 2
156 2683 250 2713 Mors
270 2685 486 2722 Hamilcaris]
518 2685 687 2716 Hamilcar
711 2686 743 2717 111

72 2724 193 2762 praelio
208 2726 347 2763 quodam
362 2727 513 2756 adversus
525 2727 685 2758 Vetrones
699 2729 741 2759 fe-

71 2765 249 2796 rocissimos
269 2767 448 2806 Hispaniae
471 2770 620 2808 populos,
640 2771 741 2801 fortis-

72 2806 151 2837 sime
181 2808 337 2839 dimicans
366 2810 525 2841 occubuit.
550 2811 655 2843 Cam.
703 2814 742 2844 cf.

74 2848 144 2880 Pol.
158 2849 189 2880 ii.
207 2860 232 2881 1.
246 2852 344 2883 Corn.
360 2852 445 2891 Nep.
463 2852 494 2882 in
513 2853 579 2884 vit.
599 2854 741 2886 Hamilc.

836 1901 852 1931 3
869 1895 1020 1927 Puerilia
1032 1897 1247 1936 IIannibalis]
1273 1898 1339 1934 Qui
1353 1902 1462 1930 tamen

791 1936 968 1966 octodecim
986 1948 1087 1968 annos
1101 1939 1165 1969 iam
1182 1944 1251 1969 tum
1268 1940 1417 1972 habebat.

833 1988 852 2014 4
874 1979 1039 2009 Faclionis
1060 1982 1239 2020 Barcinae]
1279 1983 1358 2013 Eius
1379 1994 1461 2022 quae

791 2029 864 2049 cum
889 2020 1076 2052 Hamilcare
1097 2023 1202 2054 Barca
1222 2029 1331 2054 contra
1355 2031 1461 2064 partes

790 2061 964 2092 Hannonis
989 2065 1103 2096 stabat.
1148 2067 1255 2096 Barca
1280 2072 1400 2105 autem,
1425 2074 1461 2098 ut

790 2103 970 2134 Niebuhrio
984 2105 1025 2135 iii.
1038 2116 1069 2145 p.
1084 2107 1152 2145 718.
1164 2108 1300 2145 videtur,
1312 2120 1375 2139 non
1385 2121 1459 2149 gen-

789 2145 845 2175 tile
861 2156 1038 2186 cognomen
1060 2153 1138 2185 erat,
1153 2151 1208 2180 sed
1217 2151 1337 2189 szclyw·
1350 2152 1459 2183 Poena

789 2187 897 2226 lingua
924 2188 1135 2228 significabat,
1161 2197 1193 2221 et
1214 2192 1393 2224 Hamilcari
1421 2206 1459 2224 ea

788 2230 911 2260 ratione
934 2231 1072 2261 inditum
1104 2237 1162 2270 est,
1192 2244 1254 2273 qua
1277 2237 1365 2274 apud
1394 2237 1458 2266 Ro-

788 2281 900 2302 manos
934 2273 1103 2312 Scipiadae
1134 2275 1181 2305 illi
1218 2278 1281 2307 duo
1310 2279 1459 2317 fulmina

788 2314 861 2344 belli
879 2314 1109 2346 vocitabantur.

831 2364 848 2394 5
872 2357 1032 2395 IIospitiis
1055 2360 1253 2398 reyulorum]
1282 2361 1321 2391 cf.
1339 2362 1409 2393 Pol.
1427 2362 1459 2392 ii.

789 2396 838 2434 36.
884 2398 1004 2428 Fabius
1026 2400 1157 2438 quidem
1181 2411 1232 2440 ap.
1259 2402 1329 2433 Pol.
1357 2404 1400 2434 iii.
1429 2405 1459 2440 8,

787 2438 874 2469 haud
891 2439 955 2469 seio
971 2450 1011 2475 an
1028 2441 1135 2472 animo
1152 2443 1285 2474 minime
1297 2454 1411 2483 aequo,
1425 2451 1460 2475 ut

789 2480 843 2518 qui
860 2482 1028 2511 Romanus
1051 2484 1090 2513 de
1110 2484 1220 2514 Poeno
1243 2485 1403 2524 scriberet,
1419 2488 1460 2518 de

790 2523 980 2553 crudelitate
997 2524 1192 2555 Hamilcaris
1208 2530 1239 2556 et
1259 2528 1392 2558 avaritia
1413 2530 1458 2559 lo-

789 2563 906 2601 quitur.

830 2604 850 2635 6
872 2606 996 2636 Foedus
1016 2612 1242 2648 renovat-erat]
1269 2611 1307 2641 cf.
1325 2612 1396 2643 Pol.
1413 2613 1457 2645 iii.

792 2655 839 2685 13.
871 2647 911 2676 In
928 2657 966 2677 eo
985 2650 1168 2688 cavebatur,
1188 2662 1228 2681 ne
1241 2653 1411 2693 quicquam
1424 2655 1458 2686 in

788 2697 826 2717 ea
850 2688 976 2728 regione
1000 2700 1081 2729 quae
1105 2696 1192 2723 trans
1214 2694 1344 2725 Iberum
1365 2702 1459 2735 esset,

788 2730 940 2767 Romani,
958 2736 1014 2762 aut
1036 2733 1069 2763 in
1093 2744 1131 2764 ea
1153 2745 1235 2774 quae
1258 2737 1302 2767 cis
1327 2739 1459 2777 Iberum

787 2776 879 2810 esset,
892 2773 992 2803 Poeni
1004 2774 1063 2805 sibi
1076 2775 1152 2806 iuris
1163 2785 1360 2818 arrogarent;
1379 2791 1459 2812 neve

787 2814 941 2845 alteruter
963 2818 1104 2855 populus
1126 2829 1200 2849 eum
1227 2831 1355 2853 amnem
1381 2824 1458 2855 belli

788 2866 881 2886 causa
897 2858 1054 2891 transiret.

1164 2907 1236 2943 132

1480 369 1662 401 meditatur.

1294 799 1465 840 RICdiils
1483 806 1664 853 Hasdrubal

1476 859 1572 884 gener
1588 859 1615 877 01

1477 891 1629 920 succedit.
