1871 3178
496 86 621 128 LIB.
657 86 823 127 XXIV.
875 87 1019 128 CAP.
1060 93 1120 128 14.
1420 95 1496 133 189

113 182 123 199 ‘
139 176 257 231 signa
277 176 378 222 cius,
401 177 432 216 si
459 186 589 217 castra
612 187 832 233 conspecta
853 192 877 217 a
898 177 1084 218 Tarento
1115 178 1211 225 sint,
1236 179 1347 219 baud
1372 181 1495 221 ullam
1516 194 1556 224 Γ.
1575 195 1611 224 (“,
1636 196 1706 231 53⁹·

112 233 455 273 ‘intercessuram
494 249 663 279 moram,
697 235 796 289 quin
831 235 926 274 urbs
961 234 1149 275 dedatur.
1217 235 1262 274 In
1296 247 1496 291 potestate
1516 238 1549 266 A.
1576 239 1613 267 (¹.
1640 246 1706 272 2¹⁴-

111 290 348 330 ‘iuniorum
375 290 552 345 plebem,
577 292 618 331 in
651 306 777 331 manu
805 291 937 346 plebis
968 306 1054 332 rem
1086 292 1356 332 Tarentinam
1385 296 1497 335 esses

112 346 325 386 Hannibal
348 347 602 388 collaudatos
623 363 704 396 cos,
720 357 994 403 oneratosque
1017 349 1257 402 ingentibus
1275 351 1495 404 promissis,

109 403 280 443 domum
305 404 357 444 ad
388 414 535 460 coepta
563 404 807 445 maturanda
828 405 962 445 redire
995 406 1132 446 iubet:
1167 421 1208 445 se
1235 406 1277 445 in
1312 415 1496 462 tempore

109 461 335 501 affuturum
362 476 461 502 esse.
527 461 618 502 Hac
647 477 741 502 cum
774 476 845 517 spe
873 462 1030 502 dimissi
1058 463 1290 503 Tarentini.
1355 463 1495 518 Ipsum

110 517 257 571 ingens
293 518 447 573 cupido
483 519 703 559 incesserat
737 519 907 559 Tarenti
942 520 1148 574 potiundi.
1214 520 1372 560 lerem
1410 537 1496 561 esse

109 574 289 624 videbat,
313 590 441 629 quum
472 575 711 630 opulentam
745 575 1027 631 nobilemque,
1051 586 1139 616 tum
1170 577 1433 623 maritimam,
1458 588 1495 618 et

110 631 153 671 in
184 631 479 672 Macedoniam
510 641 743 687 opportune
766 647 951 673 versam:
996 649 1221 688 regemque
1252 634 1495 690 Philippum

109 688 222 728 hunc
244 698 422 744 portum,
441 689 472 728 si
496 689 686 730 transiret
708 690 748 729 in
774 689 949 737 Italiam,
968 706 1099 745 quum
1119 690 1390 731 Brundisium
1412 692 1498 732 Ro-

109 746 221 786 mani
244 746 456 794 haberent,
479 746 718 801 petiturum.
785 746 909 787 Sacro
925 747 1021 788 inde
1043 757 1293 803 perpetrato,
1310 749 1363 789 ad
1385 750 1497 804 quod
1517 759 1667 789 Puteolos

110 811 291 851 venerat,
314 811 368 850 et,
392 802 493 843 (lum
519 803 576 843 ibi
605 813 800 852 moratur,
824 814 1056 859 pervastato
1084 820 1181 859 agro
1211 805 1404 846 Cumano
1432 802 1623 860 iis-¹'f‘¹¹³¹s³
1640 808 1704 831 (Μ’

109 874 191 914 que
213 859 264 899 ad
282 858 436 899 Miseni
458 861 803 915 promontorium,
823 862 1019 902 Puteolos
1041 872 1211 918 repente
1234 878 1381 917 agmen
1398 850 1565 903 (πω-ω’

108 916 243 964 vertit,
267 916 318 956 ad
334 917 656 972 opprimendum
671 918 921 973 praesidium
946 919 1197 960 Romanum.
1264 920 1346 961 Sex
1370 921 1497 961 millia

107 972 327 1013 hominum
358 983 488 1022 erant,
515 983 557 1015 et
588 974 702 1015 locus
733 976 994 1017 munimento
1025 992 1207 1032 quoque,
1235 993 1319 1018 non
1352 987 1498 1018 natura

108 1029 245 1079 modo,
269 1039 394 1071 tutus.
458 1031 665 1072 Triduum
689 1033 744 1072 ibi
764 1042 946 1073 moratus
968 1033 1148 1081 Poenus,
1172 1035 1222 1075 ab
1245 1035 1358 1074 omni
1381 1045 1496 1089 parte

108 1096 268 1128 tentato
293 1088 512 1143 praesidio,
535 1088 702 1138 deinde,
727 1099 771 1130 ut
795 1090 899 1129 nihil
931 1091 1195 1145 procedebat,
1219 1091 1271 1131 ad
1293 1091 1497 1146 populan-

107 1143 209 1184 dum
232 1160 376 1200 agrum
400 1145 740 1201 Neapolitanum,
760 1147 889 1201 magis
911 1148 970 1187 ira
991 1162 1115 1202 quam
1139 1148 1366 1202 potiundae
1387 1149 1496 1188 urbis

107 1216 192 1256 spe,
208 1202 417 1256 processit.
483 1202 685 1242 Adventu
707 1203 851 1242 eiusin
866 1204 1148 1258 propinquum
1167 1220 1310 1257 agrum
1332 1204 1495 1245 Nolana
1512 1215 1535 1243 Α
1557 1214 1694 1244 Νοὴιηῐ,

108 1267 222 1298 mota
261 1266 323 1298 est
362 1258 491 1314 plebs,
529 1259 610 1298 iam
651 1259 724 1299 diu
760 1275 901 1300 aversa
941 1260 991 1299 ab
1031 1260 1233 1301 Romanis
1275 1272 1315 1301 ct
1349 1262 1497 1302 infesta
1511 1262 1652 1287 “⁴'‘'²‘¹¹¹¹‘·

108 1315 270 1355 senatui
301 1330 385 1355 suo.
450 1315 598 1370 Itaque
630 1315 753 1371 legati
791 1316 843 1356 ad
874 1317 1164 1357 arcessendum
1199 1317 1494 1367 Hannibalem,

108 1387 204 1412 cum
251 1372 365 1412 haud
411 1372 539 1412 dubio
586 1374 788 1427 promisso
837 1373 1062 1414 tradendae
1112 1374 1235 1423 urbis,
1279 1385 1494 1416 venerunt.

108 1428 335 1470 Praevenit
355 1429 569 1484 inceptum
592 1445 736 1470 eorum
760 1430 986 1470 Marcellus
1016 1431 1172 1479 consul,
1196 1446 1220 1470 a
1248 1431 1497 1486 primoribus
1513 1445 1680 1475 Praeveniz

108 1486 275 1526 accitus.
339 1485 421 1527 Die
454 1502 538 1526 uno
573 1486 808 1527 Suessulam
841 1502 863 1527 a
898 1486 1083 1535 Calibus,
1106 1503 1236 1542 quum
1260 1488 1497 1529 Vulturnus
1510 1498 1581 1517 ΜΠ]
1602 1488 1683 1517 Mar-

109 1543 242 1583 amnis
273 1543 547 1584 traiicientem
569 1553 752 1584 moratus
778 1554 896 1592 esset,
919 1544 1204 1585 contenderat.
1268 1544 1373 1585 Inde
1403 1561 1498 1601 pro-
1511 1531 1620 1559 ⁰⁰¹¹¹¹⁵²

110 1600 223 1640 xima
252 1608 374 1640 nocte
404 1615 476 1640 sex
507 1599 638 1640 millia
668 1600 871 1656 peditum,
895 1601 1143 1656 equitesque
1175 1610 1395 1651 trecentos,
1425 1604 1497 1658 qui

109 1657 314 1712 praesidio
329 1657 488 1697 senatui
511 1666 662 1706 essent,
679 1657 833 1698 Nolam
851 1658 1075 1698 intromisit
1091 1675 1100 1698 ε
1135 1668 1190 1708 et,
1206 1659 1267 1699 uti
1289 1675 1312 1699 a
1329 1660 1497 1700 consule

109 1714 250 1754 omnia
279 1714 454 1769 impigre
485 1714 593 1755 facta
622 1724 720 1756 sunt
751 1715 804 1756 ad
831 1715 1218 1771 praeoccupandam
1251 1716 1418 1765 Nolam,
1441 1717 1499 1757 ita

110 1770 325 1811 Hannibal
342 1780 505 1827 tempus
527 1772 709 1820 terebat3
743 1772 805 1812 bis
819 1772 900 1813 iam
923 1782 1019 1813 ante
1036 1773 1318 1828 nequicquam
1341 1782 1498 1814 tentata

108 1842 165 1877 re,
188 1828 354 1883 segnior
374 1828 427 1868 ad
448 1828 707 1869 credendum
730 1828 908 1870 Nolanis
929 1830 1072 1870 factus.

165 1884 320 1926 Iisdem
342 1884 489 1926 diebus
514 1897 557 1926 et
581 1885 634 1933 Q.
659 1886 811 1927 Fabius
832 1886 978 1928 consul
999 1887 1052 1927 ad
1076 1886 1309 1929 Casilinum
1332 1898 1497 1929 tentan-
1578 1893 1639 1929 14.

108 1941 223 1991 dum,
242 1942 356 1997 quod
376 1942 583 1997 praesidio
604 1942 768 1984 Punico
790 1944 1023 1993 tenebatur,
1045 1945 1183 1993 venit,
1218 1954 1259 1986 et
1285 1945 1336 1985 ad
1360 1945 1498 1986 Bene·
1512 1946 1693 2000 Harmonis·

108 2008 293 2048 ventum,
315 1999 430 2040 velut
451 2015 503 2040 ex
524 2001 766 2055 composito,
784 2010 900 2056 parte
923 2001 1051 2042 altera
1073 2001 1230 2042 Hanno
1252 2017 1304 2042 ex
1323 2001 1497 2042 Bruttiis
1510 1989 1693 2061 ζξὲζζῇῗ]“

108 2071 205 2096 cum
221 2071 373 2111 magna
388 2056 578 2111 peditum
595 2057 871 2113 equitumque
889 2073 1028 2107 manu,
1048 2058 1175 2098 altera
1193 2059 1231 2098 T
1234 2059 1258 2098 i.
1282 2058 1497 2099 Gracchus
1510 2056 1550 2102 aa
1569 2055 1670 2103 Bend-

108 2113 160 2153 ab
182 2112 363 2154 Luceria.
375 2113 566 2154 accessit:
602 2115 675 2169 qui
695 2115 830 2170 primo
845 2115 1047 2170 oppidum
1069 2115 1248 2155 intravit.
1312 2115 1495 2164 Deinde,
1511 2120 1652 2145 ventum.

108 2178 156 2211 ut
173 2169 430 2211 Hannonem
451 2171 529 2211 tria.
548 2171 678 2212 millia
693 2172 822 2213 ferme
845 2173 895 2212 ab
919 2173 1019 2212 urbe
1034 2171 1086 2212 ad
1112 2171 1307 2212 Calorem
1321 2172 1496 2213 fluvium

109 2235 242 2267 castra
272 2227 470 2282 posuisse,
489 2236 531 2269 et
563 2228 662 2269 inde
699 2243 844 2284 agrum
876 2228 1066 2284 populari
1103 2229 1275 2278 audivit,
1313 2238 1354 2269 et
1394 2230 1494 2284 ipse,

109 2298 295 2338 egressus
316 2285 545 2334 moenibus,
569 2285 681 2325 mille
702 2286 832 2326 ferme
849 2301 992 2341 passus
1013 2286 1063 2326 ab
1085 2285 1202 2326 hoste
1224 2294 1354 2326 castra
1374 2285 1495 2334 locat,

110 2340 251 2394 ibique
285 2341 530 2381 concionem
564 2341 742 2382 militum
785 2342 941 2383 habuit.
1004 2342 1214 2398 Legiones
1254 2357 1405 2397 magna
1444 2357 1496 2382 ex
1512 2354 1662 2384 volones.

109 2405 225 2452 parte
246 2396 443 2437 volonum
468 2397 658 2446 habebat,
683 2399 756 2453 qui
777 2399 856 2440 iam
881 2399 1057 2439 alterum
1086 2414 1242 2439 annum
1264 2399 1496 2438 libertatem

110 2453 233 2494 tacite
257 2453 418 2501 mereri,
441 2468 567 2508 quam
592 2454 800 2508 postulare
822 2451 972 2510 palam,
995 2455 1237 2495 maluerant.
1304 2454 1497 2496 Senserat

111 2520 251 2550 tamen
276 2509 461 2550 hibernis
482 2511 700 2565 egrediens
722 2526 909 2550 murmur
930 2512 973 2550 in
995 2512 1160 2566 agmine
1183 2526 1268 2551 esse
1293 2527 1497 2566 quaeren—

78 2567 228 2615 9tium,
253 2573 333 2607 ‘en
364 2581 550 2621 unquam
571 2566 691 2607 liberi
721 2567 937 2608 militaturi
970 2568 1156 2607 essent?'
1196 2568 1496 2624 scripseratque

110 2623 284 2673 senatui,
307 2638 393 2663 non
415 2632 499 2663 tam
521 2623 624 2678 quid
645 2623 943 2672 desiderarent,
963 2639 1087 2678 quam
1106 2623 1209 2679 quid
1230 2625 1493 2666 meruissent:

154 2783 174 2813 9
195 2774 247 2803 En
265 2772 425 2812 unquam]
449 2771 678 2810 Nunquamne.
718 2772 782 2801 Ex·
829 2782 859 2803 x.
877 2773 904 2802 8.
921 2778 952 2802 et
970 2772 1040 2803 infr.
1057 2783 1132 2804 xxx.
1152 2784 1199 2804 21.
1225 2774 1329 2805 Ciu-zv.

112 2816 221 2854 empla
247 2814 363 2853 passim
388 2819 570 2847 occurrunt,
593 2824 677 2852 supr.
697 2814 736 2844 iv.
756 2824 782 2852 3.
