1871 3178
496 134 620 175 LIB.
656 134 846 175 XXVII.
893 134 1038 175 CAI‘.
1071 139 1139 176 47.
1432 141 1512 178 395

128 220 353 275 equitibus,
377 229 493 261 scuta
514 230 653 261 vetera
683 221 864 262 hostiurn
895 222 1066 269 notavit,
1090 236 1197 276 quae
1219 231 1314 262 31110
1348 238 1431 263 11011
1455 225 1514 264 ν1-
1530 234 1572 264 U.
1589 234 1626 265 C.
1650 243 1722 273 5⁴5.

101 292 111 312 ι
129 276 258 325 derat,
276 285 318 316 et
339 277 594 330 strigosiores
611 292 752 332 equos.
803 277 1036 318 Multitudo
1054 292 1222 332 quoque
1246 279 1375 318 maior
1396 280 1514 320 solita
1529 277 1566 306 A.
1590 277 1628 307 C·
1651 285 1722 314 ²07·

128 332 213 372 visa
233 341 307 372 051.
373 334 613 387 Suspicatus
638 334 751 373 0111111
782 333 838 381 id,
861 333 975 387 quod
998 342 1098 381 crat,
1121 335 1307 388 receptui
1338 350 1512 389 propere

128 389 293 435 cecinit,
317 403 363 428 ac
395 390 505 428 misit
535 389 587 428 ad
618 390 788 437 flumen,
813 389 923 429 unde
955 390 1241 443 aquabantur:
1278 391 1349 429 ubi
1379 400 1420 431 et
1441 406 1514 431 ex-

128 444 210 498 cipi
241 444 369 498 aliqui
402 454 580 499 possent,
604 454 646 485 et
672 445 806 485 notari
835 445 977 493 oculis,
1001 445 1034 485 si
1058 446 1130 499 qui
1161 446 1266 485 forte
1294 446 1514 487 adustioris

128 500 289 548 coloris,
313 510 358 540 ut
383 515 435 540 ex
466 501 622 540 recenti
643 500 722 548 via,
746 509 905 549 essent3
938 501 1062 540 simul
1083 502 1339 542 circumvehi
1369 503 1513 557 procul

128 564 259 596 castra
283 556 399 596 iubet
424 556 722 611 specularique,
746 571 847 596 num
869 565 1036 597 auctum
1059 557 1199 612 aliqua
1218 566 1335 612 parte
1357 559 1410 598 sit
1430 559 1514 599 val-

129 612 238 651 lum:
273 621 315 652 01
336 620 382 652 111
403 612 633 660 attendant,
656 613 784 652 semel
806 613 922 653 bisne
945 613 1109 667 signum
1132 622 1254 653 canat
1284 615 1328 653 in
1359 616 1510 655 castris.

130 667 193 708 Ea
213 682 343 722 quum
365 668 510 708 ordine
533 669 672 708 omnia
693 668 822 708 relata
842 678 991 718 essent,
1015 678 1148 709 castra
1178 668 1282 709 nihil
1311 679 1431 711 aucta
1451 686 1514 712 er-

128 738 263 764 rorem
284 724 501 764 faciebant.
556 724 664 763 Bina
684 734 816 773 erant,
839 726 946 765 sieut
967 734 1063 765 ante
1086 725 1311 766 adventum
1334 727 1514 767 consulis

128 779 297 820 alterius
326 780 515 820 fuerant:
560 795 643 819 una
674 779 735 820 M.
761 781 884 829 Livii,
916 781 1046 821 altera
1076 781 1125 822 L.
1150 781 1313 822 Porcii:
1355 784 1513 823 neutris

97 852 114 872 α
130 835 367 890 quicquam,
391 850 474 890 quo
496 835 618 876 latius
640 836 895 886 tenderetur,
918 837 971 877 ad
1002 838 1263 878 munimenta
1288 838 1510 880 adiectum.

130 891 240 931 Illud
269 900 452 931 veterem
484 892 635 932 ducem
673 901 966 947 assuetumque
999 893 1192 934 Romano
1229 894 1338 935 hosti
1371 896 1512 945 movit,

129 947 243 1002 quod
267 947 396 988 semel
416 948 460 987 in
481 949 697 1003 praetoriis
717 949 859 989 castris
880 950 1058 1004 signum,
1080 951 1143 990 bis
1164 950 1205 989 in
1229 951 1513 992 consularibus

127 1003 362 1044 referebant
382 1004 604 1044 cecinisse:
640 1004 745 1046 duos
775 1005 960 1060 profecto
986 1006 1176 1046 consules
1201 1021 1312 1055 esse3
1346 1016 1389 1047 et
1409 1023 1514 1062 quo-

128 1074 225 1099 nam
256 1060 381 1100 modo
413 1060 516 1101 alter
546 1061 597 1101 ab
630 1060 869 1102 Hannibale
901 1062 1170 1109 abscessisset,
1194 1077 1292 1103 cura
1322 1064 1510 1117 angebat.

131 1115 310 1156 Minime
333 1116 389 1165 id,
413 1117 526 1171 quod
547 1126 647 1165 01111,
670 1117 867 1172 suspicari
897 1126 1071 1172 poterat,
1096 1126 1233 1159 tantae
1259 1119 1318 1159 rei
1345 1119 1516 1159 frustra-

129 1172 243 1212 tione
268 1172 548 1213 Hannibalem
571 1173 746 1222 elusum,
768 1183 828 1222 ut,
851 1174 923 1214 ubi
945 1174 1044 1222 dux,
1067 1174 1139 1214 ubi
1161 1175 1367 1215 exercitus
1392 1183 1511 1224 esset,

97 1241 114 1270 3
129 1243 223 1268 cum
246 1244 330 1283 quo
352 1237 483 1268 0115113
504 1229 653 1269 collata
673 1230 878 1278 habuerit,
901 1230 1120 1284 ignoraret.
1185 1230 1378 1271 Profecto
1399 1231 1513 1271 haud

128 1284 328 1324 mediocri
359 1284 476 1325 clade
507 1285 770 1326 absterritum
802 1286 966 1341 insequi
996 1301 1081 1327 non
1113 1301 1270 1327 ausum.
1333 1286 1513 1342 Magno-

127 1354 225 1396 pere
247 1341 391 1389 vereri,
409 1356 461 1381 110
484 1342 656 1396 perditis
676 1343 798 1383 rebus
819 1357 955 1382 serum
979 1343 1065 1397 ipse
1087 1343 1287 1382 auxilium
1305 1344 1508 1384 venisset:

130 1396 416 1451 Romanisque
437 1397 584 1437 eadem
607 1398 688 1438 iam
709 1399 875 1439 fortuna
896 1399 939 1438 in
957 1398 1091 1447 Italia,
1107 1414 1212 1452 quae
1230 1399 1273 1438 in
1292 1398 1511 1453 Hispania,

128 1461 246 1493 esset.
310 1452 541 1502 Interdum,
564 1454 703 1494 literas
724 1469 816 1494 suas
837 1454 890 1494 ad
912 1469 1009 1495 eum
1038 1461 1123 1494 hon
1153 1455 1403 1509 pervenisse,
1425 1469 1515 1495 cre-

128 1508 252 1549 dere:
291 1509 613 1564 interceptisque
644 1510 706 1558 iis,
738 1509 950 1550 consulem
982 1510 1035 1550 ad
1065 1525 1154 1550 sese
1186 1510 1512 1565 opprimendum

130 1564 388 1605 accelerasse.

463 1564 544 1605 His
579 1566 726 1606 anxius
762 1566 883 1613 curis,
916 1566 1131 1606 exstinctis
1161 1566 1340 1620 ignibus,
1371 1567 1511 1621 vigilia
1526 1575 1638 1606 Noctu

129 1621 263 1676 prima
283 1620 379 1660 dato
401 1621 532 1673 signo,
555 1630 602 1661 ut
627 1622 741 1662 taciti
761 1636 857 1662 vasa
877 1621 1134 1676 colligerent,
1156 1622 1275 1676 signa
1302 1622 1399 1662 ferri
1430 1623 1513 1664 ius-
1526 1622 1628 1648 castra
1644 1628 1709 1648 ¹¹¹⁰·

98 1677 193 1718 4sit.
255 1675 307 1716 In
329 1674 605 1731 trepidatione
631 1686 673 1718 et
700 1686 906 1717 nocturno
929 1678 1113 1718 tumultu
1133 1677 1260 1718 duces
1281 1692 1427 1733 parum
1449 1679 1514 1719 in-

129 1741 243 1773 tente
265 1732 471 1781 asservati,
494 1733 598 1773 alter
628 1733 672 1773 in
698 1733 914 1773 destinatis
944 1734 1026 1774 iam
1051 1742 1148 1774 ante
1177 1734 1316 1774 animo
1346 1735 1513 1776 latebris

128 1788 325 1836 subsedit,
358 1788 461 1828 alter
487 1803 563 1844 per
591 1789 697 1829 vada
726 1798 826 1829 nota
856 1789 1100 1830 hletaurum
1128 1790 1286 1830 flumen
1321 1792 1510 1832 tranavit.

129 1844 195 1885 Ita
224 1844 433 1884 desertum
464 1860 488 1885 a
517 1845 694 1885 ducibus
724 1860 874 1900 agmen
906 1845 1041 1900 primo
1068 1860 1144 1900 per
1175 1861 1292 1900 agros
1323 1847 1511 1902 palatur3

128 1900 306 1954 fessique
335 1900 495 1955 aliquot
521 1915 667 1941 somno
688 1916 735 1941 ac
755 1901 906 1956 vigiliis
930 1909 1123 1942 sternunt
1146 1917 1319 1956 corpora
1346 1904 1511 1958 passim,

129 1965 254 2010 atque
277 1956 557 2010 infrequentia
586 1956 830 2011 relinquunt
851 1957 979 2011 signa.
1043 1957 1295 2007 Hasdrubal,
1318 1959 1419 1998 dum
1439 1960 1512 2000 lux

129 2013 238 2052 viam
271 2012 521 2060 ostenderet,
557 2013 647 2066 ripa
680 2013 865 2052 fluminis
897 2013 1014 2067 signa
1048 2013 1145 2053 ferri
1178 2014 1318 2053 iubet:
1362 2023 1403 2054 01
1438 2030 1514 2069 per

100 2080 117 2112 5
133 2068 305 2108 tortuosi
335 2068 468 2107 amnis
489 2068 602 2107 sinus
622 2068 839 2123 flexusque
862 2083 1043 2108 errorem
1064 2068 1233 2108 volvens
1264 2068 1376 2109 haud
1407 2070 1514 2109 mul-

131 2133 221 2164 tum
251 2123 460 2177 processit,
482 2124 555 2163 ubi
575 2124 708 2178 prima
735 2124 808 2164 lux
830 2124 1051 2164 transitum
1073 2133 1353 2178 opportunum
1375 2135 1514 2165 osten-

98 2179 270 2228 6disset,
293 2179 550 2219 transiturus,
619 2179 702 2220 Sed
724 2194 868 2234 quum,
892 2188 1095 2234 quantum
1117 2194 1229 2220 mare
1251 2180 1511 2231 abscedebat,

1526 1664 1588 1692 vet.

178 2288 190 2308 1
215 2280 417 2317 Striyosiores
431 2279 541 2318 equos]
567 2289 609 2309 sc.
627 2278 720 2314 Quos
734 2289 800 2309 1113-

133 2319 196 2349 cies
211 2329 250 2349 ex
266 2320 379 2350 itinere
394 2324 625 2350 attenuaverat.
662 2320 701 2350 cf.
724 2321 800 2351 Aul.

133 2361 220 2391 Gen.
237 2360 277 2389 iv.
295 2370 343 2391 20.

175 2411 192 2431 2
218 2403 286 2437 Quo
308 2403 405 2431 latins
430 2403 630 2440 tenderetur]
657 2403 733 2438 Quo
757 2403 800 2432 la-

132 2442 213 2472 tiora
229 2447 330 2472 castra
347 2443 466 2472 fierent.
515 2445 654 2474 Tendere
672 2445 800 2473 verbum

134 2484 297 2522 propn'um
313 2487 370 2520 est,
383 2484 437 2512 ubi
454 2484 493 2513 de
510 2488 683 2514 castrorum
701 2488 800 2514 meta-

133 2525 220 2554 tione
235 2525 346 2563 agitur.
371 2525 476 2555 Cnnv.

177 2575 194 2604 3
213 2567 290 2595 Cum
308 2576 368 2605 quo
383 2570 487 2595 castra
504 2567 617 2596 collata
633 2567 798 2603 hahuerit]

135 2607 229 2637 Haec
245 2607 400 2644 scriptura
415 2611 461 2636 est
477 2607 552 2636 Put.
568 2611 599 2636 et
613 2607 735 2636 Victor.
751 2616 801 2636 co-

135 2648 252 2678 dicum.
293 2648 472 2677 Rhenanus
486 2648 616 2676 iusserat
634 2648 694 2685 legi
710 2649 801 2678 habe-

133 2694 203 2720 ret:
228 2689 320 2726 eique
337 2693 509 2727 paruerunt
526 2688 676 2718 editores:
697 2689 803 2718 minus

134 2734 229 2760 recte.
281 2730 409 2759 Etenim
442 2730 502 2759 hoc
533 2733 677 2768 tempore
703 2740 801 2767 quum

137 2772 321 2801 Hasdrubal
348 2771 426 2800 haee
450 2780 559 2800 secum
582 2772 715 2804 volutat,
739 2781 802 2800 non

134 2813 274 2843 habebat
291 2812 457 2842 Hannibal
479 2817 579 2842 castra
596 2813 713 2842 collata
729 2822 802 2842 011111

846 2278 988 2316 Nerone,
1011 2282 1067 2309 aut
1090 2289 1163 2309 cum
1189 2289 1227 2309 eo
1252 2279 1395 2309 exercitu
1418 2290 1514 2318 quem

845 2320 879 2350 N
882 2330 934 2350 ero
957 2331 1064 2350 secum
1085 2321 1272 2351 abduxerat.
1295 2321 1400 2351 Cufiv.
1444 2323 1514 2351 Ha-

846 2362 931 2392 berec
946 2362 978 2391 111
995 2365 1121 2392 textum
1137 2362 1257 2400 recepit
1275 2362 1415 2391 Bekker.

888 2415 906 2440 4
929 2405 1036 2433 Duces
1054 2414 1174 2442 parum
1196 2404 1332 2439 intente]
1364 2403 1515 2442 Intellige

845 2444 946 2480 binos,
969 2454 1047 2482 quos
1075 2444 1260 2473 Hasdrubal
1286 2444 1436 2481 habebat,
1465 2444 1514 2474 iti-

845 2485 928 2514 neris
944 2486 1050 2514 duees.
1075 2485 1200 2514 Rascn.

888 2534 904 2564 5
928 2527 1081 2556 Errorem
1108 2526 1251 2562 volvens]
1291 2526 1423 2556 Poetica
1448 2526 1515 2558 fere

846 2567 997 2605 loquendi
1020 2567 1100 2596 ratio
1124 2576 1180 2604 pro
1203 2567 1296 2596 “iter
1312 2567 1467 2597 erroribus
1482 2572 1515 2598 et

846 2607 1041 2637 aufractibus
1066 2607 1260 2645 implicitum
1288 2612 1514 2647 prosequens.”

848 2648 887 2678 cf.
905 2648 992 2686 Virg.
1010 2649 1091 2678 Aen.
1108 2649 1149 2678 ix.
1169 2658 1238 2688 39¹-
1263 2649 1372 2680 Donn.

889 2688 908 2719 6
925 2690 1086 2725 Quantum
1102 2701 1188 2720 mare
1199 2691 1396 2728 abscedebat]
1414 2692 1513 2721 Nem-

847 2740 887 2768 pe
910 2740 972 2768 quo
995 2731 1095 2767 magis
1117 2741 1205 2761 mare
1227 2732 1265 2762 iis
1287 2733 1513 2772 progredienti-

847 2773 906 2802 bus
921 2773 1098 2803 recedebat.
