<?xml version="1.0" encoding="UTF-8"?>
<!DOCTYPE html PUBLIC "-//W3C//DTD XHTML 1.0 Transitional//EN"
    "http://www.w3.org/TR/xhtml1/DTD/xhtml1-transitional.dtd">
<html xmlns="http://www.w3.org/1999/xhtml" xml:lang="en" lang="en">
 <head>
  <title>
</title>
<meta http-equiv="Content-Type" content="text/html;charset=utf-8" />
  <meta name='ocr-system' content='tesseract 3.04.00' />
  <meta name='ocr-capabilities' content='ocr_page ocr_carea ocr_par ocr_line ocrx_word'/>
</head>
<body>
  <div class='ocr_page' id='page_1' title='image "./historiarumaburb02livyuoft_0509.png"; bbox 0 0 1871 3178; ppageno 0'>
   <div class='ocr_carea' id='block_1_1' title="bbox 467 87 1476 135">
    <p class='ocr_par' dir='ltr' id='par_1_1' title="bbox 467 87 1476 135">
     <span class='ocr_line' id='line_1_1' title="bbox 467 87 1476 135; baseline 0.006 -7"><span class='ocrx_word' id='word_1_1' title='bbox 467 87 592 129; x_wconf 90' lang='lat' dir='ltr'><strong>LIB.</strong></span> <span class='ocrx_word' id='word_1_2' title='bbox 625 88 795 131; x_wconf 89' lang='lat' dir='ltr'><strong>XXIX.</strong></span> <span class='ocrx_word' id='word_1_3' title='bbox 842 90 987 132; x_wconf 87' lang='lat' dir='ltr'><strong>CAP.</strong></span> <span class='ocrx_word' id='word_1_4' title='bbox 1024 95 1090 133; x_wconf 85' lang='grc'>37.</span> <span class='ocrx_word' id='word_1_5' title='bbox 1392 97 1476 135; x_wconf 88' lang='grc'>499</span> 
     </span>
    </p>
   </div>
   <div class='ocr_carea' id='block_1_2' title="bbox 46 174 1680 1586">
    <p class='ocr_par' dir='ltr' id='par_1_2' title="bbox 90 174 1680 237">
     <span class='ocr_line' id='line_1_2' title="bbox 90 174 1680 237; baseline 0.006 -24"><span class='ocrx_word' id='word_1_6' title='bbox 90 181 163 214; x_wconf 84' lang='lat' dir='ltr'>aut</span> <span class='ocrx_word' id='word_1_7' title='bbox 194 174 271 229; x_wconf 90' lang='lat' dir='ltr'>ipsi</span> <span class='ocrx_word' id='word_1_8' title='bbox 306 175 450 224; x_wconf 86' lang='lat' dir='ltr'>ierant,</span> <span class='ocrx_word' id='word_1_9' title='bbox 480 186 551 218; x_wconf 89' lang='lat' dir='ltr'>aut</span> <span class='ocrx_word' id='word_1_10' title='bbox 584 178 780 219; x_wconf 84' lang='lat' dir='ltr'>miserant</span> <span class='ocrx_word' id='word_1_11' title='bbox 808 179 860 219; x_wconf 87' lang='lat' dir='ltr'>ad</span> <span class='ocrx_word' id='word_1_12' title='bbox 887 178 1113 233; x_wconf 79' lang='lat' dir='ltr'>Magonem</span> <span class='ocrx_word' id='word_1_13' title='bbox 1142 180 1194 220; x_wconf 93' lang='lat' dir='ltr'>de</span> <span class='ocrx_word' id='word_1_14' title='bbox 1224 181 1469 237; x_wconf 87' lang='lat' dir='ltr'>populorum</span> <span class='ocrx_word' id='word_1_15' title='bbox 1491 193 1531 223; x_wconf 87' lang='lat' dir='ltr'>U.</span> <span class='ocrx_word' id='word_1_16' title='bbox 1549 194 1586 223; x_wconf 66' lang='grc' dir='ltr'>(τ.</span> <span class='ocrx_word' id='word_1_17' title='bbox 1609 193 1680 231; x_wconf 72' lang='lat'>548.</span> 
     </span>
    </p>

    <p class='ocr_par' dir='ltr' id='par_1_3' title="bbox 89 232 1680 290">
     <span class='ocr_line' id='line_1_3' title="bbox 89 232 1680 290; baseline 0.007 -20"><span class='ocrx_word' id='word_1_18' title='bbox 89 244 259 272; x_wconf 90' lang='lat' dir='ltr'>suorum</span> <span class='ocrx_word' id='word_1_19' title='bbox 293 232 542 282; x_wconf 80' lang='lat' dir='ltr'>defectione,</span> <span class='ocrx_word' id='word_1_20' title='bbox 576 235 710 290; x_wconf 89' lang='lat' dir='ltr'>primo</span> <span class='ocrx_word' id='word_1_21' title='bbox 744 245 980 290; x_wconf 72' lang='lat' dir='ltr'>praesentes</span> <span class='ocrx_word' id='word_1_22' title='bbox 1020 245 1138 277; x_wconf 86' lang='lat' dir='ltr'>eraut</span> <span class='ocrx_word' id='word_1_23' title='bbox 1175 237 1524 288; x_wconf 47' lang='lat' dir='ltr'>condemnatiffl-</span> <span class='ocrx_word' id='word_1_24' title='bbox 1549 236 1587 265; x_wconf 45' lang='grc' dir='ltr'>θ’·</span> <span class='ocrx_word' id='word_1_25' title='bbox 1610 245 1680 272; x_wconf 77' lang='lat'>²0⁴·</span> 
     </span>
    </p>

    <p class='ocr_par' dir='ltr' id='par_1_4' title="bbox 89 290 1468 347">
     <span class='ocr_line' id='line_1_4' title="bbox 89 290 1468 347; baseline 0.006 -19"><span class='ocrx_word' id='word_1_26' title='bbox 89 295 245 342; x_wconf 88' lang='lat' dir='ltr'>postea,</span> <span class='ocrx_word' id='word_1_27' title='bbox 287 290 540 331; x_wconf 79' lang='lat' dir='ltr'>conscicntia</span> <span class='ocrx_word' id='word_1_28' title='bbox 585 292 749 332; x_wconf 85' lang='lat' dir='ltr'>sibimet</span> <span class='ocrx_word' id='word_1_29' title='bbox 795 293 872 347; x_wconf 86' lang='lat' dir='ltr'>ipsi</span> <span class='ocrx_word' id='word_1_30' title='bbox 918 293 1109 333; x_wconf 83' lang='lat' dir='ltr'>exsilium</span> <span class='ocrx_word' id='word_1_31' title='bbox 1155 295 1468 345; x_wconf 69' lang='lat' dir='ltr'>consciscentes,</span> 
     </span>
    </p>

    <p class='ocr_par' dir='ltr' id='par_1_5' title="bbox 59 347 1470 464">
     <span class='ocr_line' id='line_1_5' title="bbox 89 347 1470 404; baseline 0.006 -20"><span class='ocrx_word' id='word_1_32' title='bbox 89 358 219 398; x_wconf 87' lang='lat' dir='ltr'>quum</span> <span class='ocrx_word' id='word_1_33' title='bbox 249 347 439 387; x_wconf 83' lang='lat' dir='ltr'>absentes</span> <span class='ocrx_word' id='word_1_34' title='bbox 460 347 644 389; x_wconf 72' lang='lat' dir='ltr'>‹hunnati</span> <span class='ocrx_word' id='word_1_35' title='bbox 671 358 819 397; x_wconf 84' lang='lat' dir='ltr'>essent,</span> <span class='ocrx_word' id='word_1_36' title='bbox 842 350 1081 404; x_wconf 88' lang='lat' dir='ltr'>corporibus</span> <span class='ocrx_word' id='word_1_37' title='bbox 1108 351 1338 400; x_wconf 80' lang='lat' dir='ltr'><strong>subtractis,</strong></span> <span class='ocrx_word' id='word_1_38' title='bbox 1361 353 1470 393; x_wconf 86' lang='lat' dir='ltr'>bona</span> 
     </span>
     <span class='ocr_line' id='line_1_6' title="bbox 59 405 1469 464; baseline 0.006 -23"><span class='ocrx_word' id='word_1_39' title='bbox 59 408 265 451; x_wconf 87' lang='lat' dir='ltr'>²tanturn,</span> <span class='ocrx_word' id='word_1_40' title='bbox 288 419 395 458; x_wconf 86' lang='lat' dir='ltr'>quae</span> <span class='ocrx_word' id='word_1_41' title='bbox 424 405 623 459; x_wconf 88' lang='lat' dir='ltr'>publicari</span> <span class='ocrx_word' id='word_1_42' title='bbox 652 415 856 461; x_wconf 85' lang='lat' dir='ltr'>poterant,</span> <span class='ocrx_word' id='word_1_43' title='bbox 879 407 1136 462; x_wconf 75' lang='lat' dir='ltr'>pignoranda</span> <span class='ocrx_word' id='word_1_44' title='bbox 1163 422 1322 462; x_wconf 86' lang='lat' dir='ltr'>poenae</span> <span class='ocrx_word' id='word_1_45' title='bbox 1351 424 1469 464; x_wconf 90' lang='lat' dir='ltr'>prae-</span> 
     </span>
    </p>

    <p class='ocr_par' dir='ltr' id='par_1_6' title="bbox 87 457 251 500">
     <span class='ocr_line' id='line_1_7' title="bbox 87 457 251 500; baseline 0.012 -2"><span class='ocrx_word' id='word_1_46' title='bbox 87 457 251 500; x_wconf 88' lang='lat' dir='ltr'>bebant.</span> 
     </span>
    </p>

    <p class='ocr_par' dir='ltr' id='par_1_7' title="bbox 84 515 1621 745">
     <span class='ocr_line' id='line_1_8' title="bbox 145 515 1610 575; baseline 0.005 -20"><span class='ocrx_word' id='word_1_47' title='bbox 145 515 261 557; x_wconf 86' lang='lat' dir='ltr'>Dum</span> <span class='ocrx_word' id='word_1_48' title='bbox 291 517 392 558; x_wconf 80' lang='lat' dir='ltr'>llaec.</span> <span class='ocrx_word' id='word_1_49' title='bbox 423 518 611 559; x_wconf 83' lang='lat' dir='ltr'>consules</span> <span class='ocrx_word' id='word_1_50' title='bbox 639 519 809 560; x_wconf 82' lang='lat' dir='ltr'>diversis</span> <span class='ocrx_word' id='word_1_51' title='bbox 840 519 1077 571; x_wconf 67' lang='lat' dir='ltr'>regionibus</span> <span class='ocrx_word' id='word_1_52' title='bbox 1105 529 1245 575; x_wconf 74' lang='lat' dir='ltr'>agunt,</span> <span class='ocrx_word' id='word_1_53' title='bbox 1279 537 1467 563; x_wconf 82' lang='lat' dir='ltr'>censores</span> <span class='ocrx_word' id='word_1_54' title='bbox 1544 525 1610 564; x_wconf 85' lang='lat'>37.</span> 
     </span>
     <span class='ocr_line' id='line_1_9' title="bbox 85 571 1611 632; baseline 0.005 -20"><span class='ocrx_word' id='word_1_55' title='bbox 85 571 252 613; x_wconf 85' lang='lat' dir='ltr'>interim</span> <span class='ocrx_word' id='word_1_56' title='bbox 280 573 438 615; x_wconf 86' lang='lat' dir='ltr'>Romae</span> <span class='ocrx_word' id='word_1_57' title='bbox 470 575 530 616; x_wconf 89' lang='lat' dir='ltr'>M.</span> <span class='ocrx_word' id='word_1_58' title='bbox 551 576 695 615; x_wconf 84' lang='lat' dir='ltr'>Livius</span> <span class='ocrx_word' id='word_1_59' title='bbox 723 589 765 617; x_wconf 84' lang='lat' dir='ltr'>et.</span> <span class='ocrx_word' id='word_1_60' title='bbox 796 576 845 617; x_wconf 69' lang='lat' dir='ltr'>(J.</span> <span class='ocrx_word' id='word_1_61' title='bbox 868 576 1071 617; x_wconf 83' lang='lat' dir='ltr'>Claudius</span> <span class='ocrx_word' id='word_1_62' title='bbox 1099 589 1287 618; x_wconf 85' lang='lat' dir='ltr'>senatum</span> <span class='ocrx_word' id='word_1_63' title='bbox 1321 579 1561 632; x_wconf 62' lang='lat' dir='ltr'>recita-13ivii</span> <span class='ocrx_word' id='word_1_64' title='bbox 1580 585 1611 626; x_wconf 58' lang='lat'>23}</span> 
     </span>
     <span class='ocr_line' id='line_1_10' title="bbox 84 621 1621 694; baseline 0.006 -26"><span class='ocrx_word' id='word_1_65' title='bbox 84 639 245 670; x_wconf 90' lang='lat' dir='ltr'>verunt.</span> <span class='ocrx_word' id='word_1_66' title='bbox 322 631 520 687; x_wconf 83' lang='lat' dir='ltr'>Princeps</span> <span class='ocrx_word' id='word_1_67' title='bbox 567 633 716 673; x_wconf 90' lang='lat' dir='ltr'>iterum</span> <span class='ocrx_word' id='word_1_68' title='bbox 764 633 896 673; x_wconf 90' lang='lat' dir='ltr'>lectus</span> <span class='ocrx_word' id='word_1_69' title='bbox 949 634 1001 681; x_wconf 78' lang='lat' dir='ltr'>Q.</span> <span class='ocrx_word' id='word_1_70' title='bbox 1042 633 1192 675; x_wconf 81' lang='lat' dir='ltr'>Fabius</span> <span class='ocrx_word' id='word_1_71' title='bbox 1238 635 1462 677; x_wconf 83' lang='lat' dir='ltr'>Maximus.</span> <span class='ocrx_word' id='word_1_72' title='bbox 1479 621 1621 694; x_wconf 40' lang='lat' dir='ltr'>{023¹ss</span> 
     </span>
     <span class='ocr_line' id='line_1_11' title="bbox 85 683 1462 745; baseline 0.006 -19"><span class='ocrx_word' id='word_1_73' title='bbox 85 683 234 727; x_wconf 87' lang='lat' dir='ltr'>Notati</span> <span class='ocrx_word' id='word_1_74' title='bbox 270 696 456 743; x_wconf 83' lang='lat' dir='ltr'>septem:</span> <span class='ocrx_word' id='word_1_75' title='bbox 509 704 633 729; x_wconf 86' lang='lat' dir='ltr'>nemo</span> <span class='ocrx_word' id='word_1_76' title='bbox 670 698 822 738; x_wconf 86' lang='lat' dir='ltr'>tamen,</span> <span class='ocrx_word' id='word_1_77' title='bbox 861 690 933 745; x_wconf 89' lang='lat' dir='ltr'>qui</span> <span class='ocrx_word' id='word_1_78' title='bbox 974 690 1074 731; x_wconf 88' lang='lat' dir='ltr'>sella</span> <span class='ocrx_word' id='word_1_79' title='bbox 1109 691 1240 732; x_wconf 90' lang='lat' dir='ltr'>curuli</span> <span class='ocrx_word' id='word_1_80' title='bbox 1278 692 1462 734; x_wconf 86' lang='lat' dir='ltr'>sedisset.</span> 
     </span>
    </p>

    <p class='ocr_par' dir='ltr' id='par_1_8' title="bbox 46 741 1604 1586">
     <span class='ocr_line' id='line_1_12' title="bbox 52 741 1463 801; baseline 0.004 -16"><span class='ocrx_word' id='word_1_81' title='bbox 52 755 70 785; x_wconf 83' lang='grc'>3</span> <span class='ocrx_word' id='word_1_82' title='bbox 87 741 205 783; x_wconf 84' lang='lat' dir='ltr'>Sarta</span> <span class='ocrx_word' id='word_1_83' title='bbox 227 752 335 785; x_wconf 88' lang='lat' dir='ltr'>tecta</span> <span class='ocrx_word' id='word_1_84' title='bbox 355 745 504 785; x_wconf 86' lang='lat' dir='ltr'>aeriter</span> <span class='ocrx_word' id='word_1_85' title='bbox 525 754 565 786; x_wconf 87' lang='lat' dir='ltr'>et</span> <span class='ocrx_word' id='word_1_86' title='bbox 587 760 681 786; x_wconf 89' lang='lat' dir='ltr'>cum</span> <span class='ocrx_word' id='word_1_87' title='bbox 703 761 864 787; x_wconf 86' lang='lat' dir='ltr'>summa</span> <span class='ocrx_word' id='word_1_88' title='bbox 886 747 968 788; x_wconf 85' lang='lat' dir='ltr'>fide</span> <span class='ocrx_word' id='word_1_89' title='bbox 991 758 1232 801; x_wconf 72' lang='lat' dir='ltr'>exegerunt.</span> <span class='ocrx_word' id='word_1_90' title='bbox 1296 749 1419 790; x_wconf 83' lang='lat' dir='ltr'>Viam</span> <span class='ocrx_word' id='word_1_91' title='bbox 1441 766 1463 791; x_wconf 93' lang='lat' dir='ltr'>e</span> 
     </span>
     <span class='ocr_line' id='line_1_13' title="bbox 52 799 1463 860; baseline 0.006 -21"><span class='ocrx_word' id='word_1_92' title='bbox 52 799 171 840; x_wconf 90' lang='lat' dir='ltr'>4for0</span> <span class='ocrx_word' id='word_1_93' title='bbox 201 800 350 842; x_wconf 84' lang='lat' dir='ltr'>Boario</span> <span class='ocrx_word' id='word_1_94' title='bbox 380 802 433 842; x_wconf 86' lang='lat' dir='ltr'>ad</span> <span class='ocrx_word' id='word_1_95' title='bbox 454 801 644 851; x_wconf 82' lang='lat' dir='ltr'>Veneris,</span> <span class='ocrx_word' id='word_1_96' title='bbox 670 811 712 843; x_wconf 89' lang='lat' dir='ltr'>et</span> <span class='ocrx_word' id='word_1_97' title='bbox 742 804 850 844; x_wconf 88' lang='lat' dir='ltr'>circa</span> <span class='ocrx_word' id='word_1_98' title='bbox 879 804 988 844; x_wconf 90' lang='lat' dir='ltr'>foros</span> <span class='ocrx_word' id='word_1_99' title='bbox 1018 805 1218 860; x_wconf 77' lang='lat' dir='ltr'>publicos„</span> <span class='ocrx_word' id='word_1_100' title='bbox 1246 816 1287 846; x_wconf 92' lang='lat' dir='ltr'>et</span> <span class='ocrx_word' id='word_1_101' title='bbox 1318 807 1463 847; x_wconf 89' lang='lat' dir='ltr'>aedem</span> 
     </span>
     <span class='ocr_line' id='line_1_14' title="bbox 85 855 1464 919; baseline 0.006 -23"><span class='ocrx_word' id='word_1_102' title='bbox 85 855 232 897; x_wconf 84' lang='lat' dir='ltr'>Matris</span> <span class='ocrx_word' id='word_1_103' title='bbox 254 857 435 913; x_wconf 77' lang='lat' dir='ltr'>Magnae</span> <span class='ocrx_word' id='word_1_104' title='bbox 458 859 501 898; x_wconf 89' lang='lat' dir='ltr'>in</span> <span class='ocrx_word' id='word_1_105' title='bbox 523 859 683 900; x_wconf 87' lang='lat' dir='ltr'>Palatio</span> <span class='ocrx_word' id='word_1_106' title='bbox 704 860 937 901; x_wconf 86' lang='lat' dir='ltr'>faciendam</span> <span class='ocrx_word' id='word_1_107' title='bbox 959 861 1208 903; x_wconf 85' lang='lat' dir='ltr'>locaverunt.</span> <span class='ocrx_word' id='word_1_108' title='bbox 1271 862 1464 919; x_wconf 83' lang='lat' dir='ltr'>Vectigal</span> 
     </span>
     <span class='ocr_line' id='line_1_15' title="bbox 49 904 1462 967; baseline 0.006 -14"><span class='ocrx_word' id='word_1_109' title='bbox 49 904 207 967; x_wconf 58' lang='lat' dir='ltr'>getiam</span> <span class='ocrx_word' id='word_1_110' title='bbox 238 929 392 955; x_wconf 86' lang='lat' dir='ltr'>novum</span> <span class='ocrx_word' id='word_1_111' title='bbox 421 930 473 955; x_wconf 84' lang='lat' dir='ltr'>ex</span> <span class='ocrx_word' id='word_1_112' title='bbox 504 916 649 957; x_wconf 86' lang='lat' dir='ltr'>salaria</span> <span class='ocrx_word' id='word_1_113' title='bbox 672 932 838 958; x_wconf 89' lang='lat' dir='ltr'>annona</span> <span class='ocrx_word' id='word_1_114' title='bbox 865 927 1110 959; x_wconf 86' lang='lat' dir='ltr'>statuerunt.</span> <span class='ocrx_word' id='word_1_115' title='bbox 1176 920 1374 961; x_wconf 84' lang='lat' dir='ltr'>Sextante</span> <span class='ocrx_word' id='word_1_116' title='bbox 1406 920 1462 961; x_wconf 87' lang='lat' dir='ltr'>sal</span> 
     </span>
     <span class='ocr_line' id='line_1_16' title="bbox 80 970 1460 1031; baseline 0.004 -20"><span class='ocrx_word' id='word_1_117' title='bbox 80 979 123 1011; x_wconf 92' lang='lat' dir='ltr'>et</span> <span class='ocrx_word' id='word_1_118' title='bbox 145 970 305 1012; x_wconf 87' lang='lat' dir='ltr'>Romae</span> <span class='ocrx_word' id='word_1_119' title='bbox 329 980 370 1013; x_wconf 89' lang='lat' dir='ltr'>et</span> <span class='ocrx_word' id='word_1_120' title='bbox 391 987 465 1028; x_wconf 86' lang='lat' dir='ltr'>per</span> <span class='ocrx_word' id='word_1_121' title='bbox 486 981 613 1013; x_wconf 88' lang='lat' dir='ltr'>totam</span> <span class='ocrx_word' id='word_1_122' title='bbox 632 973 793 1014; x_wconf 84' lang='lat' dir='ltr'>Italiam</span> <span class='ocrx_word' id='word_1_123' title='bbox 817 984 915 1015; x_wconf 88' lang='lat' dir='ltr'>erat.</span> <span class='ocrx_word' id='word_1_124' title='bbox 962 975 1121 1016; x_wconf 84' lang='lat' dir='ltr'>Romae</span> <span class='ocrx_word' id='word_1_125' title='bbox 1143 977 1276 1031; x_wconf 84' lang='lat' dir='ltr'>pretio</span> <span class='ocrx_word' id='word_1_126' title='bbox 1299 977 1460 1026; x_wconf 87' lang='lat' dir='ltr'>eodem,</span> 
     </span>
     <span class='ocr_line' id='line_1_17' title="bbox 50 1026 1462 1088; baseline 0.005 -21"><span class='ocrx_word' id='word_1_127' title='bbox 50 1026 209 1082; x_wconf 87' lang='lat' dir='ltr'>7pluris</span> <span class='ocrx_word' id='word_1_128' title='bbox 230 1028 273 1068; x_wconf 91' lang='lat' dir='ltr'>in</span> <span class='ocrx_word' id='word_1_129' title='bbox 294 1028 391 1070; x_wconf 88' lang='lat' dir='ltr'>foris</span> <span class='ocrx_word' id='word_1_130' title='bbox 411 1038 453 1070; x_wconf 95' lang='lat' dir='ltr'>et</span> <span class='ocrx_word' id='word_1_131' title='bbox 473 1030 770 1079; x_wconf 79' lang='lat' dir='ltr'>conciliabulis,</span> <span class='ocrx_word' id='word_1_132' title='bbox 794 1040 835 1072; x_wconf 91' lang='lat' dir='ltr'>et</span> <span class='ocrx_word' id='word_1_133' title='bbox 864 1031 944 1072; x_wconf 90' lang='lat' dir='ltr'>alio</span> <span class='ocrx_word' id='word_1_134' title='bbox 972 1031 1070 1072; x_wconf 86' lang='lat' dir='ltr'>alibi</span> <span class='ocrx_word' id='word_1_135' title='bbox 1098 1033 1232 1088; x_wconf 86' lang='lat' dir='ltr'>pretio</span> <span class='ocrx_word' id='word_1_136' title='bbox 1260 1035 1462 1088; x_wconf 89' lang='lat' dir='ltr'>praeben-</span> 
     </span>
     <span class='ocr_line' id='line_1_18' title="bbox 78 1083 1462 1142; baseline 0.005 -18"><span class='ocrx_word' id='word_1_137' title='bbox 78 1083 180 1125; x_wconf 91' lang='lat' dir='ltr'>dum</span> <span class='ocrx_word' id='word_1_138' title='bbox 202 1084 452 1127; x_wconf 80' lang='lat' dir='ltr'>locaverunt.</span> <span class='ocrx_word' id='word_1_139' title='bbox 516 1086 566 1127; x_wconf 93' lang='lat' dir='ltr'>Id</span> <span class='ocrx_word' id='word_1_140' title='bbox 587 1087 762 1142; x_wconf 80' lang='lat' dir='ltr'>vectigal</span> <span class='ocrx_word' id='word_1_141' title='bbox 784 1097 1066 1129; x_wconf 88' lang='lat' dir='ltr'>commentum</span> <span class='ocrx_word' id='word_1_142' title='bbox 1092 1089 1267 1130; x_wconf 87' lang='lat' dir='ltr'>alterum</span> <span class='ocrx_word' id='word_1_143' title='bbox 1290 1106 1342 1130; x_wconf 86' lang='lat' dir='ltr'>ex</span> <span class='ocrx_word' id='word_1_144' title='bbox 1364 1106 1462 1131; x_wconf 89' lang='lat' dir='ltr'>cen-</span> 
     </span>
     <span class='ocr_line' id='line_1_19' title="bbox 79 1141 1461 1201; baseline 0.005 -20"><span class='ocrx_word' id='word_1_145' title='bbox 79 1141 238 1182; x_wconf 87' lang='lat' dir='ltr'>soribus</span> <span class='ocrx_word' id='word_1_146' title='bbox 259 1142 356 1183; x_wconf 88' lang='lat' dir='ltr'>satis</span> <span class='ocrx_word' id='word_1_147' title='bbox 377 1143 615 1192; x_wconf 86' lang='lat' dir='ltr'>credebant,</span> <span class='ocrx_word' id='word_1_148' title='bbox 637 1144 793 1200; x_wconf 89' lang='lat' dir='ltr'>populo</span> <span class='ocrx_word' id='word_1_149' title='bbox 818 1145 980 1194; x_wconf 89' lang='lat' dir='ltr'>iratum,</span> <span class='ocrx_word' id='word_1_150' title='bbox 1004 1146 1118 1200; x_wconf 83' lang='lat' dir='ltr'>quod</span> <span class='ocrx_word' id='word_1_151' title='bbox 1140 1147 1285 1201; x_wconf 87' lang='lat' dir='ltr'>iniquo</span> <span class='ocrx_word' id='word_1_152' title='bbox 1307 1147 1461 1188; x_wconf 92' lang='lat' dir='ltr'>iudicio</span> 
     </span>
     <span class='ocr_line' id='line_1_20' title="bbox 47 1198 1461 1257; baseline 0.005 -19"><span class='ocrx_word' id='word_1_153' title='bbox 47 1198 291 1253; x_wconf 86' lang='lat' dir='ltr'>8quondam</span> <span class='ocrx_word' id='word_1_154' title='bbox 313 1199 534 1241; x_wconf 87' lang='lat' dir='ltr'>damnatus</span> <span class='ocrx_word' id='word_1_155' title='bbox 555 1210 686 1241; x_wconf 87' lang='lat' dir='ltr'>esset:</span> <span class='ocrx_word' id='word_1_156' title='bbox 718 1210 759 1242; x_wconf 88' lang='lat' dir='ltr'>et</span> <span class='ocrx_word' id='word_1_157' title='bbox 780 1202 823 1242; x_wconf 89' lang='lat' dir='ltr'>in</span> <span class='ocrx_word' id='word_1_158' title='bbox 844 1203 978 1257; x_wconf 85' lang='lat' dir='ltr'>pretio</span> <span class='ocrx_word' id='word_1_159' title='bbox 999 1202 1093 1243; x_wconf 85' lang='lat' dir='ltr'>salis</span> <span class='ocrx_word' id='word_1_160' title='bbox 1114 1204 1293 1244; x_wconf 83' lang='lat' dir='ltr'>maxime</span> <span class='ocrx_word' id='word_1_161' title='bbox 1316 1219 1461 1245; x_wconf 87' lang='lat' dir='ltr'>onera—</span> 
     </span>
     <span class='ocr_line' id='line_1_21' title="bbox 46 1249 1460 1312; baseline 0.004 -17"><span class='ocrx_word' id='word_1_162' title='bbox 46 1249 140 1296; x_wconf 86' lang='lat' dir='ltr'>9tas</span> <span class='ocrx_word' id='word_1_163' title='bbox 162 1255 304 1305; x_wconf 88' lang='lat' dir='ltr'>tribus,</span> <span class='ocrx_word' id='word_1_164' title='bbox 327 1272 501 1311; x_wconf 83' lang='lat' dir='ltr'>quarum</span> <span class='ocrx_word' id='word_1_165' title='bbox 532 1273 657 1312; x_wconf 87' lang='lat' dir='ltr'>opera</span> <span class='ocrx_word' id='word_1_166' title='bbox 684 1258 903 1300; x_wconf 87' lang='lat' dir='ltr'>damnatus</span> <span class='ocrx_word' id='word_1_167' title='bbox 931 1269 1032 1308; x_wconf 85' lang='lat' dir='ltr'>erat,</span> <span class='ocrx_word' id='word_1_168' title='bbox 1055 1260 1291 1301; x_wconf 88' lang='lat' dir='ltr'>credebant.</span> <span class='ocrx_word' id='word_1_169' title='bbox 1355 1261 1460 1302; x_wconf 88' lang='lat' dir='ltr'>Inde</span> 
     </span>
     <span class='ocr_line' id='line_1_22' title="bbox 81 1311 1460 1369; baseline 0.005 -17"><span class='ocrx_word' id='word_1_170' title='bbox 81 1311 302 1353; x_wconf 86' lang='lat' dir='ltr'>Salinatori</span> <span class='ocrx_word' id='word_1_171' title='bbox 335 1313 456 1355; x_wconf 89' lang='lat' dir='ltr'>Livio</span> <span class='ocrx_word' id='word_1_172' title='bbox 488 1314 668 1355; x_wconf 89' lang='lat' dir='ltr'>inditum</span> <span class='ocrx_word' id='word_1_173' title='bbox 702 1330 947 1369; x_wconf 76' lang='lat' dir='ltr'>cognomen.</span> <span class='ocrx_word' id='word_1_174' title='bbox 1010 1316 1211 1358; x_wconf 87' lang='lat' dir='ltr'>Lustrum</span> <span class='ocrx_word' id='word_1_175' title='bbox 1244 1318 1460 1359; x_wconf 89' lang='lat' dir='ltr'>conditum</span> 
     </span>
     <span class='ocr_line' id='line_1_23' title="bbox 77 1369 1460 1427; baseline 0.006 -19"><span class='ocrx_word' id='word_1_176' title='bbox 77 1369 221 1418; x_wconf 89' lang='lat' dir='ltr'>serius,</span> <span class='ocrx_word' id='word_1_177' title='bbox 243 1370 343 1425; x_wconf 90' lang='lat' dir='ltr'>quia</span> <span class='ocrx_word' id='word_1_178' title='bbox 372 1386 448 1426; x_wconf 88' lang='lat' dir='ltr'>per</span> <span class='ocrx_word' id='word_1_179' title='bbox 476 1372 709 1427; x_wconf 90' lang='lat' dir='ltr'>provincias</span> <span class='ocrx_word' id='word_1_180' title='bbox 736 1372 984 1414; x_wconf 86' lang='lat' dir='ltr'>dimiserunt</span> <span class='ocrx_word' id='word_1_181' title='bbox 1011 1389 1213 1423; x_wconf 83' lang='lat' dir='ltr'>censores,</span> <span class='ocrx_word' id='word_1_182' title='bbox 1236 1383 1283 1415; x_wconf 91' lang='lat' dir='ltr'>ut</span> <span class='ocrx_word' id='word_1_183' title='bbox 1307 1375 1460 1416; x_wconf 90' lang='lat' dir='ltr'>civium</span> 
     </span>
     <span class='ocr_line' id='line_1_24' title="bbox 78 1425 1461 1486; baseline 0.004 -20"><span class='ocrx_word' id='word_1_184' title='bbox 78 1425 366 1468; x_wconf 86' lang='lat' dir='ltr'>Romanorum</span> <span class='ocrx_word' id='word_1_185' title='bbox 388 1428 432 1468; x_wconf 91' lang='lat' dir='ltr'>in</span> <span class='ocrx_word' id='word_1_186' title='bbox 448 1428 712 1478; x_wconf 88' lang='lat' dir='ltr'>exercitibus,</span> <span class='ocrx_word' id='word_1_187' title='bbox 731 1439 911 1485; x_wconf 90' lang='lat' dir='ltr'>quantus</span> <span class='ocrx_word' id='word_1_188' title='bbox 927 1430 1083 1486; x_wconf 91' lang='lat' dir='ltr'>ubique</span> <span class='ocrx_word' id='word_1_189' title='bbox 1101 1440 1220 1480; x_wconf 90' lang='lat' dir='ltr'>esset,</span> <span class='ocrx_word' id='word_1_190' title='bbox 1239 1431 1461 1473; x_wconf 89' lang='lat' dir='ltr'>referretur</span> 
     </span>
     <span class='ocr_line' id='line_1_25' title="bbox 76 1484 1604 1543; baseline 0.005 -20"><span class='ocrx_word' id='word_1_191' title='bbox 76 1496 286 1524; x_wconf 87' lang='lat' dir='ltr'>numerus.</span> <span class='ocrx_word' id='word_1_192' title='bbox 351 1484 490 1526; x_wconf 89' lang='lat' dir='ltr'>Censa</span> <span class='ocrx_word' id='word_1_193' title='bbox 520 1500 616 1526; x_wconf 84' lang='lat' dir='ltr'>cum</span> <span class='ocrx_word' id='word_1_194' title='bbox 647 1486 696 1526; x_wconf 89' lang='lat' dir='ltr'>iis</span> <span class='ocrx_word' id='word_1_195' title='bbox 722 1486 904 1527; x_wconf 87' lang='lat' dir='ltr'>ducenta</span> <span class='ocrx_word' id='word_1_196' title='bbox 932 1487 1076 1528; x_wconf 90' lang='lat' dir='ltr'>decem</span> <span class='ocrx_word' id='word_1_197' title='bbox 1104 1496 1300 1543; x_wconf 91' lang='lat' dir='ltr'>quattuor</span> <span class='ocrx_word' id='word_1_198' title='bbox 1330 1488 1604 1530; x_wconf 82' lang='lat' dir='ltr'>milliaCensus.</span> 
     </span>
     <span class='ocr_line' id='line_1_26' title="bbox 48 1538 1459 1586; baseline 0.005 -7"><span class='ocrx_word' id='word_1_199' title='bbox 48 1549 61 1570; x_wconf 91' lang='lat'>1</span> <span class='ocrx_word' id='word_1_200' title='bbox 76 1538 317 1581; x_wconf 89' lang='lat' dir='ltr'>hominum:</span> <span class='ocrx_word' id='word_1_201' title='bbox 341 1541 531 1583; x_wconf 88' lang='lat' dir='ltr'>condidit</span> <span class='ocrx_word' id='word_1_202' title='bbox 551 1542 728 1584; x_wconf 90' lang='lat' dir='ltr'>lustrum</span> <span class='ocrx_word' id='word_1_203' title='bbox 752 1542 801 1584; x_wconf 92' lang='lat' dir='ltr'>C.</span> <span class='ocrx_word' id='word_1_204' title='bbox 821 1543 1026 1585; x_wconf 88' lang='lat' dir='ltr'>Claudius</span> <span class='ocrx_word' id='word_1_205' title='bbox 1043 1544 1172 1586; x_wconf 85' lang='lat' dir='ltr'>Nero.</span> <span class='ocrx_word' id='word_1_206' title='bbox 1221 1545 1459 1586; x_wconf 88' lang='lat' dir='ltr'>Duodecim</span> 
     </span>
    </p>
   </div>
   <div class='ocr_carea' id='block_1_3' title="bbox 119 1674 1460 1719">
    <p class='ocr_par' dir='ltr' id='par_1_9' title="bbox 119 1674 1460 1719">
     <span class='ocr_line' id='line_1_27' title="bbox 119 1674 1460 1719; baseline 0.005 -17"><span class='ocrx_word' id='word_1_207' title='bbox 119 1682 135 1702; x_wconf 84' lang='lat'>2</span> <span class='ocrx_word' id='word_1_208' title='bbox 160 1674 373 1711; x_wconf 72' lang='lat' dir='ltr'>Pifflzoranda</span> <span class='ocrx_word' id='word_1_209' title='bbox 398 1676 537 1714; x_wconf 79' lang='lat' dir='ltr'>poenae]</span> <span class='ocrx_word' id='word_1_210' title='bbox 573 1674 744 1713; x_wconf 81' lang='lat' dir='ltr'>Tanquam</span> <span class='ocrx_word' id='word_1_211' title='bbox 789 1676 916 1713; x_wconf 79' lang='lat' dir='ltr'>cognita</span> <span class='ocrx_word' id='word_1_212' title='bbox 929 1679 1021 1713; x_wconf 86' lang='lat' dir='ltr'>esset,</span> <span class='ocrx_word' id='word_1_213' title='bbox 1033 1687 1052 1706; x_wconf 90' lang='lat' dir='ltr'>a</span> <span class='ocrx_word' id='word_1_214' title='bbox 1065 1677 1157 1707; x_wconf 90' lang='lat' dir='ltr'>Livio</span> <span class='ocrx_word' id='word_1_215' title='bbox 1173 1687 1237 1707; x_wconf 91' lang='lat' dir='ltr'>non</span> <span class='ocrx_word' id='word_1_216' title='bbox 1253 1678 1460 1719; x_wconf 81' lang='lat' dir='ltr'>exprimitur)</span> 
     </span>
    </p>
   </div>
   <div class='ocr_carea' id='block_1_4' title="bbox 70 1714 743 2847">
    <p class='ocr_par' dir='ltr' id='par_1_10' title="bbox 74 1714 743 1797">
     <span class='ocr_line' id='line_1_28' title="bbox 74 1714 743 1755; baseline 0.004 -11"><span class='ocrx_word' id='word_1_217' title='bbox 74 1714 189 1754; x_wconf 87' lang='lat' dir='ltr'>pignus</span> <span class='ocrx_word' id='word_1_218' title='bbox 203 1717 245 1746; x_wconf 87' lang='lat' dir='ltr'>ad</span> <span class='ocrx_word' id='word_1_219' title='bbox 264 1726 401 1755; x_wconf 86' lang='lat' dir='ltr'>poenam</span> <span class='ocrx_word' id='word_1_220' title='bbox 422 1727 441 1746; x_wconf 84' lang='lat' dir='ltr'>a</span> <span class='ocrx_word' id='word_1_221' title='bbox 461 1726 494 1746; x_wconf 88' lang='lat' dir='ltr'>se</span> <span class='ocrx_word' id='word_1_222' title='bbox 515 1718 743 1747; x_wconf 85' lang='lat' dir='ltr'>exsolvendam</span> 
     </span>
     <span class='ocr_line' id='line_1_29' title="bbox 74 1757 633 1797; baseline 0.005 -11"><span class='ocrx_word' id='word_1_223' title='bbox 74 1757 221 1787; x_wconf 86' lang='lat' dir='ltr'>relictum</span> <span class='ocrx_word' id='word_1_224' title='bbox 238 1758 498 1797; x_wconf 82' lang='lat' dir='ltr'>suppeditabant.</span> <span class='ocrx_word' id='word_1_225' title='bbox 523 1758 633 1789; x_wconf 82' lang='lat' dir='ltr'>DOER.</span> 
     </span>
    </p>

    <p class='ocr_par' dir='ltr' id='par_1_11' title="bbox 70 1799 743 2133">
     <span class='ocr_line' id='line_1_30' title="bbox 117 1799 741 1840; baseline 0.002 -11"><span class='ocrx_word' id='word_1_226' title='bbox 117 1807 134 1837; x_wconf 82' lang='lat'>3</span> <span class='ocrx_word' id='word_1_227' title='bbox 158 1800 256 1830; x_wconf 83' lang='lat' dir='ltr'>Sarta</span> <span class='ocrx_word' id='word_1_228' title='bbox 277 1799 375 1840; x_wconf 77' lang='lat' dir='ltr'>tecta]</span> <span class='ocrx_word' id='word_1_229' title='bbox 403 1801 510 1839; x_wconf 79' lang='lat' dir='ltr'>Opera</span> <span class='ocrx_word' id='word_1_230' title='bbox 528 1801 673 1839; x_wconf 74' lang='lat' dir='ltr'>publica,</span> <span class='ocrx_word' id='word_1_231' title='bbox 694 1800 741 1830; x_wconf 87' lang='lat' dir='ltr'>in-</span> 
     </span>
     <span class='ocr_line' id='line_1_31' title="bbox 74 1841 741 1882; baseline 0.001 -11"><span class='ocrx_word' id='word_1_232' title='bbox 74 1841 143 1880; x_wconf 84' lang='lat' dir='ltr'>quit</span> <span class='ocrx_word' id='word_1_233' title='bbox 159 1841 286 1879; x_wconf 85' lang='lat' dir='ltr'>Festus,</span> <span class='ocrx_word' id='word_1_234' title='bbox 301 1853 383 1882; x_wconf 81' lang='lat' dir='ltr'>quae</span> <span class='ocrx_word' id='word_1_235' title='bbox 399 1843 546 1873; x_wconf 77' lang='lat' dir='ltr'>locantur</span> <span class='ocrx_word' id='word_1_236' title='bbox 564 1847 601 1872; x_wconf 80' lang='lat' dir='ltr'>ut</span> <span class='ocrx_word' id='word_1_237' title='bbox 615 1844 741 1881; x_wconf 73' lang='lat' dir='ltr'>inteyra</span> 
     </span>
     <span class='ocr_line' id='line_1_32' title="bbox 70 1888 741 1922; baseline 0.001 -9"><span class='ocrx_word' id='word_1_238' title='bbox 70 1888 290 1922; x_wconf 79' lang='lat' dir='ltr'>praestentur,</span> <span class='ocrx_word' id='word_1_239' title='bbox 326 1889 415 1915; x_wconf 79' lang='lat' dir='ltr'>sarta</span> <span class='ocrx_word' id='word_1_240' title='bbox 455 1889 537 1916; x_wconf 81' lang='lat' dir='ltr'>tecta</span> <span class='ocrx_word' id='word_1_241' title='bbox 575 1890 741 1915; x_wconf 79' lang='lat' dir='ltr'>vocantur.</span> 
     </span>
     <span class='ocr_line' id='line_1_33' title="bbox 72 1927 741 1965; baseline 0.001 -10"><span class='ocrx_word' id='word_1_242' title='bbox 72 1927 204 1956; x_wconf 78' lang='lat' dir='ltr'>Etenim</span> <span class='ocrx_word' id='word_1_243' title='bbox 226 1928 348 1957; x_wconf 76' lang='lat' dir='ltr'>sarcire</span> <span class='ocrx_word' id='word_1_244' title='bbox 371 1931 416 1957; x_wconf 76' lang='lat' dir='ltr'>est</span> <span class='ocrx_word' id='word_1_245' title='bbox 442 1928 603 1965; x_wconf 71' lang='lat' dir='ltr'>inteyrum</span> <span class='ocrx_word' id='word_1_246' title='bbox 618 1927 741 1964; x_wconf 83' lang='lat' dir='ltr'>facere.</span> 
     </span>
     <span class='ocr_line' id='line_1_34' title="bbox 75 1967 743 2007; baseline 0.001 -11"><span class='ocrx_word' id='word_1_247' title='bbox 75 1967 219 2007; x_wconf 85' lang='lat' dir='ltr'>Exigunt</span> <span class='ocrx_word' id='word_1_248' title='bbox 245 1968 340 2007; x_wconf 88' lang='lat' dir='ltr'>igitur</span> <span class='ocrx_word' id='word_1_249' title='bbox 366 1978 511 1998; x_wconf 84' lang='lat' dir='ltr'>censores</span> <span class='ocrx_word' id='word_1_250' title='bbox 536 1972 620 1997; x_wconf 60' lang='lat' dir='ltr'>sana</span> <span class='ocrx_word' id='word_1_251' title='bbox 645 1972 743 2004; x_wconf 89' lang='lat' dir='ltr'>tecta,</span> 
     </span>
     <span class='ocr_line' id='line_1_35' title="bbox 73 2009 742 2048; baseline 0 -9"><span class='ocrx_word' id='word_1_252' title='bbox 73 2009 151 2039; x_wconf 89' lang='lat' dir='ltr'>dum</span> <span class='ocrx_word' id='word_1_253' title='bbox 189 2014 307 2048; x_wconf 86' lang='lat' dir='ltr'>cogunt</span> <span class='ocrx_word' id='word_1_254' title='bbox 343 2010 560 2048; x_wconf 84' lang='lat' dir='ltr'>redemptores</span> <span class='ocrx_word' id='word_1_255' title='bbox 594 2009 742 2039; x_wconf 84' lang='lat' dir='ltr'>aedificia</span> 
     </span>
     <span class='ocr_line' id='line_1_36' title="bbox 72 2051 742 2091; baseline 0 -11"><span class='ocrx_word' id='word_1_256' title='bbox 72 2051 215 2091; x_wconf 87' lang='lat' dir='ltr'>publiea,</span> <span class='ocrx_word' id='word_1_257' title='bbox 247 2061 328 2090; x_wconf 89' lang='lat' dir='ltr'>quae</span> <span class='ocrx_word' id='word_1_258' title='bbox 357 2052 478 2081; x_wconf 85' lang='lat' dir='ltr'>tuenda</span> <span class='ocrx_word' id='word_1_259' title='bbox 508 2052 742 2088; x_wconf 78' lang='lat' dir='ltr'>conduxerunt,</span> 
     </span>
     <span class='ocr_line' id='line_1_37' title="bbox 73 2093 510 2133; baseline 0.005 -11"><span class='ocrx_word' id='word_1_260' title='bbox 73 2093 196 2133; x_wconf 87' lang='lat' dir='ltr'>integra</span> <span class='ocrx_word' id='word_1_261' title='bbox 211 2097 380 2132; x_wconf 88' lang='lat' dir='ltr'>praestare.</span> <span class='ocrx_word' id='word_1_262' title='bbox 405 2094 510 2124; x_wconf 64' lang='lat' dir='ltr'>Cum.</span> 
     </span>
    </p>

    <p class='ocr_par' dir='ltr' id='par_1_12' title="bbox 72 2134 743 2587">
     <span class='ocr_line' id='line_1_38' title="bbox 116 2134 743 2174; baseline -0.002 -9"><span class='ocrx_word' id='word_1_263' title='bbox 116 2147 136 2173; x_wconf 86' lang='lat'><strong>4</strong></span> <span class='ocrx_word' id='word_1_264' title='bbox 158 2137 204 2165; x_wconf 83' lang='lat' dir='ltr'>Et</span> <span class='ocrx_word' id='word_1_265' title='bbox 217 2137 402 2173; x_wconf 80' lang='lat' dir='ltr'>circasoros</span> <span class='ocrx_word' id='word_1_266' title='bbox 414 2137 573 2174; x_wconf 78' lang='lat' dir='ltr'>publicos]</span> <span class='ocrx_word' id='word_1_267' title='bbox 600 2135 643 2165; x_wconf 90' lang='lat' dir='ltr'>Et</span> <span class='ocrx_word' id='word_1_268' title='bbox 660 2134 743 2165; x_wconf 84' lang='lat' dir='ltr'>eirca</span> 
     </span>
     <span class='ocr_line' id='line_1_39' title="bbox 74 2177 741 2215; baseline -0.001 -8"><span class='ocrx_word' id='word_1_269' title='bbox 74 2177 158 2207; x_wconf 77' lang='lat' dir='ltr'>viam</span> <span class='ocrx_word' id='word_1_270' title='bbox 182 2177 285 2215; x_wconf 89' lang='lat' dir='ltr'>illam,</span> <span class='ocrx_word' id='word_1_271' title='bbox 304 2178 353 2208; x_wconf 77' lang='lat' dir='ltr'>vel</span> <span class='ocrx_word' id='word_1_272' title='bbox 372 2178 514 2214; x_wconf 84' lang='lat' dir='ltr'>fortasse,</span> <span class='ocrx_word' id='word_1_273' title='bbox 534 2178 618 2207; x_wconf 82' lang='lat' dir='ltr'>circa</span> <span class='ocrx_word' id='word_1_274' title='bbox 637 2178 741 2207; x_wconf 88' lang='lat' dir='ltr'>forum</span> 
     </span>
     <span class='ocr_line' id='line_1_40' title="bbox 74 2219 740 2258; baseline -0.002 -9"><span class='ocrx_word' id='word_1_275' title='bbox 74 2219 239 2257; x_wconf 86' lang='lat' dir='ltr'>Boarium,</span> <span class='ocrx_word' id='word_1_276' title='bbox 251 2221 334 2249; x_wconf 85' lang='lat' dir='ltr'>foros</span> <span class='ocrx_word' id='word_1_277' title='bbox 347 2219 502 2258; x_wconf 80' lang='lat' dir='ltr'>publicos.</span> <span class='ocrx_word' id='word_1_278' title='bbox 534 2221 632 2250; x_wconf 82' lang='lat' dir='ltr'>Foros</span> <span class='ocrx_word' id='word_1_279' title='bbox 644 2229 740 2258; x_wconf 79' lang='lat' dir='ltr'>expo-</span> 
     </span>
     <span class='ocr_line' id='line_1_41' title="bbox 74 2261 740 2301; baseline 0 -11"><span class='ocrx_word' id='word_1_280' title='bbox 74 2262 121 2291; x_wconf 88' lang='lat' dir='ltr'>nit</span> <span class='ocrx_word' id='word_1_281' title='bbox 137 2261 205 2300; x_wconf 87' lang='lat' dir='ltr'>ipse</span> <span class='ocrx_word' id='word_1_282' title='bbox 222 2261 332 2292; x_wconf 83' lang='lat' dir='ltr'>Livius</span> <span class='ocrx_word' id='word_1_283' title='bbox 350 2271 434 2300; x_wconf 88' lang='lat' dir='ltr'>supr.</span> <span class='ocrx_word' id='word_1_284' title='bbox 452 2261 471 2291; x_wconf 92' lang='lat' dir='ltr'>i.</span> <span class='ocrx_word' id='word_1_285' title='bbox 490 2270 539 2301; x_wconf 81' lang='lat'>35.</span> <span class='ocrx_word' id='word_1_286' title='bbox 563 2263 584 2277; x_wconf 77' lang='lat'>‘⁶</span> <span class='ocrx_word' id='word_1_287' title='bbox 597 2261 629 2291; x_wconf 90' lang='lat' dir='ltr'>in</span> <span class='ocrx_word' id='word_1_288' title='bbox 646 2261 740 2292; x_wconf 86' lang='lat' dir='ltr'>Circo</span> 
     </span>
     <span class='ocr_line' id='line_1_42' title="bbox 75 2303 741 2343; baseline 0 -10"><span class='ocrx_word' id='word_1_289' title='bbox 75 2303 174 2333; x_wconf 85' lang='lat' dir='ltr'>loca&#39;&#39;</span> <span class='ocrx_word' id='word_1_290' title='bbox 197 2304 282 2333; x_wconf 87' lang='lat' dir='ltr'>unde</span> <span class='ocrx_word' id='word_1_291' title='bbox 309 2307 530 2343; x_wconf 82' lang='lat' dir='ltr'>spectarentur</span> <span class='ocrx_word' id='word_1_292' title='bbox 554 2303 632 2341; x_wconf 87' lang='lat' dir='ltr'>ludi,</span> <span class='ocrx_word' id='word_1_293' title='bbox 659 2313 741 2342; x_wconf 86' lang='lat' dir='ltr'>quae</span> 
     </span>
     <span class='ocr_line' id='line_1_43' title="bbox 76 2345 740 2385; baseline 0 -10"><span class='ocrx_word' id='word_1_294' title='bbox 76 2348 168 2376; x_wconf 89' lang='lat' dir='ltr'>vocat</span> <span class='ocrx_word' id='word_1_295' title='bbox 205 2345 320 2376; x_wconf 85' lang='lat' dir='ltr'>Festus</span> <span class='ocrx_word' id='word_1_296' title='bbox 350 2346 514 2376; x_wconf 66' lang='lat' dir='ltr'>Cio-ceasia</span> <span class='ocrx_word' id='word_1_297' title='bbox 549 2347 740 2385; x_wconf 77' lang='lat' dir='ltr'>spectacula.</span> 
     </span>
     <span class='ocr_line' id='line_1_44' title="bbox 75 2387 740 2426; baseline -0.002 -8"><span class='ocrx_word' id='word_1_298' title='bbox 75 2387 166 2418; x_wconf 90' lang='lat' dir='ltr'>Num</span> <span class='ocrx_word' id='word_1_299' title='bbox 181 2387 278 2426; x_wconf 89' lang='lat' dir='ltr'>igitur</span> <span class='ocrx_word' id='word_1_300' title='bbox 292 2387 344 2417; x_wconf 90' lang='lat' dir='ltr'>hic</span> <span class='ocrx_word' id='word_1_301' title='bbox 359 2397 486 2426; x_wconf 86' lang='lat' dir='ltr'>quoque</span> <span class='ocrx_word' id='word_1_302' title='bbox 493 2388 585 2425; x_wconf 77' lang='lat' dir='ltr'>foros</span> <span class='ocrx_word' id='word_1_303' title='bbox 596 2388 740 2426; x_wconf 80' lang='lat' dir='ltr'>publicos</span> 
     </span>
     <span class='ocr_line' id='line_1_45' title="bbox 73 2429 740 2469; baseline -0.001 -10"><span class='ocrx_word' id='word_1_304' title='bbox 73 2429 290 2469; x_wconf 82' lang='lat' dir='ltr'>intelligemus</span> <span class='ocrx_word' id='word_1_305' title='bbox 313 2430 507 2468; x_wconf 79' lang='lat' dir='ltr'>spectacula,</span> <span class='ocrx_word' id='word_1_306' title='bbox 528 2429 593 2459; x_wconf 75' lang='lat' dir='ltr'>sive</span> <span class='ocrx_word' id='word_1_307' title='bbox 614 2430 685 2459; x_wconf 90' lang='lat' dir='ltr'>loca</span> <span class='ocrx_word' id='word_1_308' title='bbox 701 2439 740 2459; x_wconf 81' lang='lat' dir='ltr'>ex</span> 
     </span>
     <span class='ocr_line' id='line_1_46' title="bbox 73 2471 740 2511; baseline 0 -11"><span class='ocrx_word' id='word_1_309' title='bbox 73 2472 190 2510; x_wconf 87' lang='lat' dir='ltr'>quibus</span> <span class='ocrx_word' id='word_1_310' title='bbox 213 2475 432 2511; x_wconf 76' lang='lat' dir='ltr'>spectarentur</span> <span class='ocrx_word' id='word_1_311' title='bbox 457 2471 525 2501; x_wconf 87' lang='lat' dir='ltr'>ludi</span> <span class='ocrx_word' id='word_1_312' title='bbox 550 2471 740 2510; x_wconf 83' lang='lat' dir='ltr'>gladiatorii,</span> 
     </span>
     <span class='ocr_line' id='line_1_47' title="bbox 74 2513 740 2552; baseline 0 -9"><span class='ocrx_word' id='word_1_313' title='bbox 74 2513 128 2552; x_wconf 88' lang='lat' dir='ltr'>qui</span> <span class='ocrx_word' id='word_1_314' title='bbox 151 2514 312 2544; x_wconf 87' lang='lat' dir='ltr'>interdum</span> <span class='ocrx_word' id='word_1_315' title='bbox 331 2514 364 2543; x_wconf 89' lang='lat' dir='ltr'>in</span> <span class='ocrx_word' id='word_1_316' title='bbox 384 2514 451 2543; x_wconf 83' lang='lat' dir='ltr'>foro</span> <span class='ocrx_word' id='word_1_317' title='bbox 470 2513 587 2544; x_wconf 88' lang='lat' dir='ltr'>Boario</span> <span class='ocrx_word' id='word_1_318' title='bbox 611 2514 740 2544; x_wconf 87' lang='lat' dir='ltr'>ederen-</span> 
     </span>
     <span class='ocr_line' id='line_1_48' title="bbox 72 2556 278 2587; baseline 0.005 -2"><span class='ocrx_word' id='word_1_319' title='bbox 72 2559 148 2586; x_wconf 80' lang='lat' dir='ltr'>tur?</span> <span class='ocrx_word' id='word_1_320' title='bbox 172 2556 278 2587; x_wconf 72' lang='lat' dir='ltr'><strong>CREv.</strong></span> 
     </span>
    </p>

    <p class='ocr_par' dir='ltr' id='par_1_13' title="bbox 73 2598 741 2755">
     <span class='ocr_line' id='line_1_49' title="bbox 117 2598 741 2637; baseline -0.002 -9"><span class='ocrx_word' id='word_1_321' title='bbox 117 2608 134 2637; x_wconf 86' lang='lat'>5</span> <span class='ocrx_word' id='word_1_322' title='bbox 157 2599 213 2628; x_wconf 72' lang='lat' dir='ltr'>Ea·</span> <span class='ocrx_word' id='word_1_323' title='bbox 235 2599 358 2628; x_wconf 81' lang='lat' dir='ltr'>salaria</span> <span class='ocrx_word' id='word_1_324' title='bbox 382 2599 529 2635; x_wconf 80' lang='lat' dir='ltr'>annona]</span> <span class='ocrx_word' id='word_1_325' title='bbox 557 2598 608 2627; x_wconf 84' lang='lat' dir='ltr'>Ex</span> <span class='ocrx_word' id='word_1_326' title='bbox 633 2608 741 2628; x_wconf 90' lang='lat' dir='ltr'>annua</span> 
     </span>
     <span class='ocr_line' id='line_1_50' title="bbox 73 2640 740 2678; baseline 0 -8"><span class='ocrx_word' id='word_1_327' title='bbox 73 2640 148 2670; x_wconf 84' lang='lat' dir='ltr'>salis</span> <span class='ocrx_word' id='word_1_328' title='bbox 164 2640 345 2670; x_wconf 87' lang='lat' dir='ltr'>venditione</span> <span class='ocrx_word' id='word_1_329' title='bbox 363 2644 395 2670; x_wconf 90' lang='lat' dir='ltr'>et</span> <span class='ocrx_word' id='word_1_330' title='bbox 411 2644 554 2678; x_wconf 85' lang='lat' dir='ltr'>quaestu.</span> <span class='ocrx_word' id='word_1_331' title='bbox 597 2641 740 2670; x_wconf 74' lang='lat' dir='ltr'>Annona</span> 
     </span>
     <span class='ocr_line' id='line_1_51' title="bbox 73 2682 739 2721; baseline -0.002 -9"><span class='ocrx_word' id='word_1_332' title='bbox 73 2682 138 2712; x_wconf 87' lang='lat' dir='ltr'>iam</span> <span class='ocrx_word' id='word_1_333' title='bbox 165 2683 204 2712; x_wconf 88' lang='lat' dir='ltr'>de</span> <span class='ocrx_word' id='word_1_334' title='bbox 226 2692 275 2719; x_wconf 90' lang='lat' dir='ltr'>e0,</span> <span class='ocrx_word' id='word_1_335' title='bbox 299 2683 384 2721; x_wconf 88' lang='lat' dir='ltr'>quod</span> <span class='ocrx_word' id='word_1_336' title='bbox 407 2692 492 2711; x_wconf 85' lang='lat' dir='ltr'>anno</span> <span class='ocrx_word' id='word_1_337' title='bbox 517 2692 644 2721; x_wconf 89' lang='lat' dir='ltr'>quoque</span> <span class='ocrx_word' id='word_1_338' title='bbox 670 2692 739 2721; x_wconf 87' lang='lat' dir='ltr'>pro-</span> 
     </span>
     <span class='ocr_line' id='line_1_52' title="bbox 74 2724 304 2755; baseline 0 0"><span class='ocrx_word' id='word_1_339' title='bbox 74 2724 169 2755; x_wconf 86' lang='lat' dir='ltr'>venit.</span> <span class='ocrx_word' id='word_1_340' title='bbox 195 2724 304 2755; x_wconf 79' lang='lat' dir='ltr'>DOER.</span> 
     </span>
    </p>

    <p class='ocr_par' dir='ltr' id='par_1_14' title="bbox 72 2765 739 2847">
     <span class='ocr_line' id='line_1_53' title="bbox 115 2765 739 2803; baseline 0 -7"><span class='ocrx_word' id='word_1_341' title='bbox 115 2765 135 2796; x_wconf 92' lang='lat'><strong>6</strong></span> <span class='ocrx_word' id='word_1_342' title='bbox 157 2767 309 2797; x_wconf 55' lang='grc' dir='ltr'>δανίσητε</span> <span class='ocrx_word' id='word_1_343' title='bbox 323 2767 374 2796; x_wconf 80' lang='lat' dir='ltr'>sal</span> <span class='ocrx_word' id='word_1_344' title='bbox 389 2790 394 2795; x_wconf 95' lang='lat'>.</span> <span class='ocrx_word' id='word_1_345' title='bbox 407 2789 412 2796; x_wconf 95' lang='lat'>.</span> <span class='ocrx_word' id='word_1_346' title='bbox 425 2789 432 2796; x_wconf 86' lang='lat'>.</span> <span class='ocrx_word' id='word_1_347' title='bbox 449 2767 534 2803; x_wconf 83' lang='lat' dir='ltr'>erat]</span> <span class='ocrx_word' id='word_1_348' title='bbox 554 2766 637 2797; x_wconf 80' lang='lat' dir='ltr'>Salis</span> <span class='ocrx_word' id='word_1_349' title='bbox 652 2776 739 2796; x_wconf 87' lang='lat' dir='ltr'>rnen-</span> 
     </span>
     <span class='ocr_line' id='line_1_54' title="bbox 72 2806 739 2847; baseline -0.003 -9"><span class='ocrx_word' id='word_1_350' title='bbox 72 2818 145 2838; x_wconf 83' lang='lat' dir='ltr'>sura</span> <span class='ocrx_word' id='word_1_351' title='bbox 178 2809 349 2847; x_wconf 79' lang='lat' dir='ltr'>quaedam,</span> <span class='ocrx_word' id='word_1_352' title='bbox 386 2806 484 2847; x_wconf 86' lang='lat' dir='ltr'>(quae</span> <span class='ocrx_word' id='word_1_353' title='bbox 515 2818 614 2846; x_wconf 88' lang='lat' dir='ltr'>quum</span> <span class='ocrx_word' id='word_1_354' title='bbox 646 2808 739 2846; x_wconf 75' lang='lat' dir='ltr'>vulgo</span> 
     </span>
    </p>
   </div>
   <div class='ocr_carea' id='block_1_5' title="bbox 784 1717 1459 2806">
    <p class='ocr_par' dir='ltr' id='par_1_15' title="bbox 788 1717 1459 1802">
     <span class='ocr_line' id='line_1_55' title="bbox 788 1717 1459 1759; baseline 0.004 -11"><span class='ocrx_word' id='word_1_355' title='bbox 788 1721 863 1748; x_wconf 84' lang='lat' dir='ltr'>ante</span> <span class='ocrx_word' id='word_1_356' title='bbox 886 1717 1053 1748; x_wconf 84' lang='lat' dir='ltr'>inventum</span> <span class='ocrx_word' id='word_1_357' title='bbox 1072 1729 1190 1749; x_wconf 75' lang='lat' dir='ltr'>nomm</span> <span class='ocrx_word' id='word_1_358' title='bbox 1209 1720 1356 1759; x_wconf 82' lang='lat' dir='ltr'>vectigal,</span> <span class='ocrx_word' id='word_1_359' title='bbox 1375 1721 1459 1751; x_wconf 75' lang='lat' dir='ltr'>veni-</span> 
     </span>
     <span class='ocr_line' id='line_1_56' title="bbox 788 1759 1416 1802; baseline 0.008 -14"><span class='ocrx_word' id='word_1_360' title='bbox 788 1759 843 1789; x_wconf 88' lang='lat' dir='ltr'>bat</span> <span class='ocrx_word' id='word_1_361' title='bbox 859 1763 1017 1797; x_wconf 83' lang='lat' dir='ltr'>sextante,</span> <span class='ocrx_word' id='word_1_362' title='bbox 1034 1761 1100 1791; x_wconf 80' lang='lat' dir='ltr'>sive</span> <span class='ocrx_word' id='word_1_363' title='bbox 1116 1765 1207 1791; x_wconf 84' lang='lat' dir='ltr'>sexta</span> <span class='ocrx_word' id='word_1_364' title='bbox 1221 1762 1299 1792; x_wconf 83' lang='lat' dir='ltr'>assis</span> <span class='ocrx_word' id='word_1_365' title='bbox 1314 1766 1416 1802; x_wconf 83' lang='lat' dir='ltr'>parte.</span> 
     </span>
    </p>

    <p class='ocr_par' dir='ltr' id='par_1_16' title="bbox 786 1803 1458 1882">
     <span class='ocr_line' id='line_1_57' title="bbox 832 1803 1458 1845; baseline 0.008 -14"><span class='ocrx_word' id='word_1_366' title='bbox 832 1809 848 1840; x_wconf 92' lang='lat'>7</span> <span class='ocrx_word' id='word_1_367' title='bbox 866 1803 1004 1840; x_wconf 74' lang='lat' dir='ltr'>Inforis</span> <span class='ocrx_word' id='word_1_368' title='bbox 1015 1808 1045 1833; x_wconf 79' lang='lat' dir='ltr'>et</span> <span class='ocrx_word' id='word_1_369' title='bbox 1058 1805 1292 1842; x_wconf 76' lang='lat' dir='ltr'>conciliabulis]</span> <span class='ocrx_word' id='word_1_370' title='bbox 1311 1805 1350 1835; x_wconf 90' lang='lat' dir='ltr'>cf.</span> <span class='ocrx_word' id='word_1_371' title='bbox 1365 1805 1458 1845; x_wconf 90' lang='lat' dir='ltr'>Supr.</span> 
     </span>
     <span class='ocr_line' id='line_1_58' title="bbox 786 1844 1276 1882; baseline 0.008 -9"><span class='ocrx_word' id='word_1_372' title='bbox 786 1854 860 1874; x_wconf 84' lang='lat' dir='ltr'><strong>xxv.</strong></span> <span class='ocrx_word' id='word_1_373' title='bbox 880 1852 907 1882; x_wconf 81' lang='lat'>5.</span> <span class='ocrx_word' id='word_1_374' title='bbox 955 1844 1091 1876; x_wconf 88' lang='lat' dir='ltr'>Niebhr.</span> <span class='ocrx_word' id='word_1_375' title='bbox 1107 1845 1139 1876; x_wconf 86' lang='lat' dir='ltr'>ii.</span> <span class='ocrx_word' id='word_1_376' title='bbox 1156 1856 1187 1876; x_wconf 92' lang='lat' dir='ltr'>n.</span> <span class='ocrx_word' id='word_1_377' title='bbox 1205 1845 1276 1877; x_wconf 81' lang='lat'><strong>886.</strong></span> 
     </span>
    </p>

    <p class='ocr_par' dir='ltr' id='par_1_17' title="bbox 829 1886 1457 1928">
     <span class='ocr_line' id='line_1_59' title="bbox 829 1886 1457 1928; baseline 0.006 -12"><span class='ocrx_word' id='word_1_378' title='bbox 829 1886 848 1916; x_wconf 94' lang='lat'>8</span> <span class='ocrx_word' id='word_1_379' title='bbox 870 1888 1056 1917; x_wconf 81' lang='lat' dir='ltr'>Damnatus</span> <span class='ocrx_word' id='word_1_380' title='bbox 1071 1889 1165 1926; x_wconf 82' lang='lat' dir='ltr'>esset]</span> <span class='ocrx_word' id='word_1_381' title='bbox 1191 1888 1231 1919; x_wconf 89' lang='lat' dir='ltr'>cf.</span> <span class='ocrx_word' id='word_1_382' title='bbox 1248 1889 1342 1928; x_wconf 87' lang='lat' dir='ltr'>Supr.</span> <span class='ocrx_word' id='word_1_383' title='bbox 1359 1889 1457 1920; x_wconf 87' lang='lat' dir='ltr'>xxvii.</span> 
     </span>
    </p>

    <p class='ocr_par' dir='ltr' id='par_1_18' title="bbox 784 1970 1457 2714">
     <span class='ocr_line' id='line_1_60' title="bbox 829 1970 1456 2009; baseline 0.008 -11"><span class='ocrx_word' id='word_1_384' title='bbox 829 1979 848 2008; x_wconf 81' lang='lat'>9</span> <span class='ocrx_word' id='word_1_385' title='bbox 872 1970 1019 1999; x_wconf 36' lang='lat' dir='ltr'>*Madvime</span> <span class='ocrx_word' id='word_1_386' title='bbox 1041 1974 1190 2000; x_wconf 79' lang='lat' dir='ltr'>oneratas</span> <span class='ocrx_word' id='word_1_387' title='bbox 1215 1973 1335 2009; x_wconf 76' lang='lat' dir='ltr'>tribus]</span> <span class='ocrx_word' id='word_1_388' title='bbox 1367 1973 1456 2007; x_wconf 80' lang='lat' dir='ltr'>Quo-</span> 
     </span>
     <span class='ocr_line' id='line_1_61' title="bbox 786 2011 1457 2049; baseline 0.009 -10"><span class='ocrx_word' id='word_1_389' title='bbox 786 2011 882 2040; x_wconf 88' lang='lat' dir='ltr'>modo</span> <span class='ocrx_word' id='word_1_390' title='bbox 913 2011 980 2040; x_wconf 85' lang='lat' dir='ltr'>fieri</span> <span class='ocrx_word' id='word_1_391' title='bbox 1005 2011 1156 2049; x_wconf 86' lang='lat' dir='ltr'>potuerit,</span> <span class='ocrx_word' id='word_1_392' title='bbox 1179 2016 1215 2041; x_wconf 91' lang='lat' dir='ltr'>ut</span> <span class='ocrx_word' id='word_1_393' title='bbox 1244 2013 1328 2043; x_wconf 91' lang='lat' dir='ltr'>aliae</span> <span class='ocrx_word' id='word_1_394' title='bbox 1356 2015 1457 2045; x_wconf 83' lang='lat' dir='ltr'>tribus</span> 
     </span>
     <span class='ocr_line' id='line_1_62' title="bbox 786 2052 1456 2093; baseline 0.009 -12"><span class='ocrx_word' id='word_1_395' title='bbox 786 2053 897 2091; x_wconf 86' lang='lat' dir='ltr'>magis,</span> <span class='ocrx_word' id='word_1_396' title='bbox 918 2052 1002 2082; x_wconf 84' lang='lat' dir='ltr'>aliae</span> <span class='ocrx_word' id='word_1_397' title='bbox 1026 2052 1131 2082; x_wconf 89' lang='lat' dir='ltr'>minus</span> <span class='ocrx_word' id='word_1_398' title='bbox 1155 2061 1304 2085; x_wconf 83' lang='lat' dir='ltr'>oneratae</span> <span class='ocrx_word' id='word_1_399' title='bbox 1328 2055 1402 2093; x_wconf 86' lang='lat' dir='ltr'>sint,</span> <span class='ocrx_word' id='word_1_400' title='bbox 1423 2067 1456 2087; x_wconf 90' lang='lat' dir='ltr'>se</span> 
     </span>
     <span class='ocr_line' id='line_1_63' title="bbox 786 2094 1455 2135; baseline 0.01 -13"><span class='ocrx_word' id='word_1_401' title='bbox 786 2104 849 2123; x_wconf 88' lang='lat' dir='ltr'>non</span> <span class='ocrx_word' id='word_1_402' title='bbox 879 2094 1057 2133; x_wconf 78' lang='lat' dir='ltr'>intelligere</span> <span class='ocrx_word' id='word_1_403' title='bbox 1088 2095 1242 2126; x_wconf 82' lang='lat' dir='ltr'>Dukerus</span> <span class='ocrx_word' id='word_1_404' title='bbox 1279 2098 1455 2135; x_wconf 82' lang='lat' dir='ltr'>profitetur.</span> 
     </span>
     <span class='ocr_line' id='line_1_64' title="bbox 788 2135 1454 2175; baseline 0.009 -11"><span class='ocrx_word' id='word_1_405' title='bbox 788 2135 922 2175; x_wconf 82' lang='lat' dir='ltr'>Quippe</span> <span class='ocrx_word' id='word_1_406' title='bbox 936 2136 1063 2166; x_wconf 85' lang='lat' dir='ltr'>Maecia</span> <span class='ocrx_word' id='word_1_407' title='bbox 1076 2137 1175 2167; x_wconf 84' lang='lat' dir='ltr'>tribus</span> <span class='ocrx_word' id='word_1_408' title='bbox 1187 2139 1254 2168; x_wconf 84' lang='lat' dir='ltr'>sola</span> <span class='ocrx_word' id='word_1_409' title='bbox 1268 2139 1313 2169; x_wconf 82' lang='lat' dir='ltr'>M.</span> <span class='ocrx_word' id='word_1_410' title='bbox 1328 2139 1454 2170; x_wconf 73' lang='lat' dir='ltr'>Livium</span> 
     </span>
     <span class='ocr_line' id='line_1_65' title="bbox 787 2179 1454 2219; baseline 0.009 -12"><span class='ocrx_word' id='word_1_411' title='bbox 787 2187 851 2208; x_wconf 86' lang='lat' dir='ltr'>non</span> <span class='ocrx_word' id='word_1_412' title='bbox 877 2179 1095 2215; x_wconf 66' lang='lat' dir='ltr'>damnaverat,</span> <span class='ocrx_word' id='word_1_413' title='bbox 1119 2183 1152 2209; x_wconf 89' lang='lat' dir='ltr'>at</span> <span class='ocrx_word' id='word_1_414' title='bbox 1176 2180 1200 2209; x_wconf 91' lang='lat' dir='ltr'>si</span> <span class='ocrx_word' id='word_1_415' title='bbox 1226 2181 1280 2219; x_wconf 90' lang='lat' dir='ltr'>qui</span> <span class='ocrx_word' id='word_1_416' title='bbox 1307 2181 1392 2212; x_wconf 70' lang='lat' dir='ltr'>cives</span> <span class='ocrx_word' id='word_1_417' title='bbox 1415 2193 1454 2213; x_wconf 88' lang='lat' dir='ltr'>ex</span> 
     </span>
     <span class='ocr_line' id='line_1_66' title="bbox 784 2220 1452 2261; baseline 0.007 -12"><span class='ocrx_word' id='word_1_418' title='bbox 784 2220 856 2249; x_wconf 87' lang='lat' dir='ltr'>aliis</span> <span class='ocrx_word' id='word_1_419' title='bbox 880 2220 1025 2250; x_wconf 87' lang='lat' dir='ltr'>tribubus</span> <span class='ocrx_word' id='word_1_420' title='bbox 1050 2221 1175 2251; x_wconf 86' lang='lat' dir='ltr'>Romae</span> <span class='ocrx_word' id='word_1_421' title='bbox 1201 2222 1362 2261; x_wconf 84' lang='lat' dir='ltr'>degerent,</span> <span class='ocrx_word' id='word_1_422' title='bbox 1390 2235 1452 2254; x_wconf 88' lang='lat' dir='ltr'>non</span> 
     </span>
     <span class='ocr_line' id='line_1_67' title="bbox 786 2261 1453 2304; baseline 0.009 -13"><span class='ocrx_word' id='word_1_423' title='bbox 786 2261 886 2302; x_wconf 84' lang='lat' dir='ltr'>magis</span> <span class='ocrx_word' id='word_1_424' title='bbox 910 2263 1032 2293; x_wconf 83' lang='lat' dir='ltr'>onerati</span> <span class='ocrx_word' id='word_1_425' title='bbox 1057 2263 1197 2301; x_wconf 82' lang='lat' dir='ltr'>fuerunt,</span> <span class='ocrx_word' id='word_1_426' title='bbox 1213 2274 1309 2303; x_wconf 81' lang='lat' dir='ltr'>quam</span> <span class='ocrx_word' id='word_1_427' title='bbox 1334 2266 1388 2304; x_wconf 89' lang='lat' dir='ltr'>qui</span> <span class='ocrx_word' id='word_1_428' title='bbox 1414 2277 1453 2297; x_wconf 85' lang='lat' dir='ltr'>ex</span> 
     </span>
     <span class='ocr_line' id='line_1_68' title="bbox 785 2304 1454 2343; baseline 0.004 -8"><span class='ocrx_word' id='word_1_429' title='bbox 785 2304 938 2341; x_wconf 86' lang='lat' dir='ltr'>Maecia;</span> <span class='ocrx_word' id='word_1_430' title='bbox 968 2315 1026 2335; x_wconf 88' lang='lat' dir='ltr'>nec</span> <span class='ocrx_word' id='word_1_431' title='bbox 1054 2305 1108 2343; x_wconf 76' lang='lat' dir='ltr'>qui</span> <span class='ocrx_word' id='word_1_432' title='bbox 1138 2315 1178 2335; x_wconf 81' lang='lat' dir='ltr'>ex</span> <span class='ocrx_word' id='word_1_433' title='bbox 1206 2307 1334 2337; x_wconf 86' lang='lat' dir='ltr'>Maecia</span> <span class='ocrx_word' id='word_1_434' title='bbox 1363 2312 1454 2339; x_wconf 80' lang='lat' dir='ltr'>extra</span> 
     </span>
     <span class='ocr_line' id='line_1_69' title="bbox 785 2346 1453 2389; baseline 0.007 -14"><span class='ocrx_word' id='word_1_435' title='bbox 785 2346 875 2376; x_wconf 87' lang='lat' dir='ltr'>illam</span> <span class='ocrx_word' id='word_1_436' title='bbox 891 2346 923 2376; x_wconf 90' lang='lat' dir='ltr'>in</span> <span class='ocrx_word' id='word_1_437' title='bbox 939 2347 1014 2376; x_wconf 85' lang='lat' dir='ltr'>foris</span> <span class='ocrx_word' id='word_1_438' title='bbox 1032 2352 1063 2376; x_wconf 92' lang='lat' dir='ltr'>et</span> <span class='ocrx_word' id='word_1_439' title='bbox 1084 2347 1304 2378; x_wconf 86' lang='lat' dir='ltr'>conciliabulis</span> <span class='ocrx_word' id='word_1_440' title='bbox 1319 2349 1453 2389; x_wconf 84' lang='lat' dir='ltr'>aliisque</span> 
     </span>
     <span class='ocr_line' id='line_1_70' title="bbox 786 2388 1452 2430; baseline 0.006 -12"><span class='ocrx_word' id='word_1_441' title='bbox 786 2388 902 2418; x_wconf 85' lang='lat' dir='ltr'>Italiae</span> <span class='ocrx_word' id='word_1_442' title='bbox 921 2389 999 2418; x_wconf 87' lang='lat' dir='ltr'>loeis</span> <span class='ocrx_word' id='word_1_443' title='bbox 1019 2388 1219 2425; x_wconf 79' lang='lat' dir='ltr'>habitabant,</span> <span class='ocrx_word' id='word_1_444' title='bbox 1235 2390 1341 2421; x_wconf 87' lang='lat' dir='ltr'>minus</span> <span class='ocrx_word' id='word_1_445' title='bbox 1356 2401 1452 2430; x_wconf 86' lang='lat' dir='ltr'>quam</span> 
     </span>
     <span class='ocr_line' id='line_1_71' title="bbox 785 2430 1452 2464; baseline 0.007 -5"><span class='ocrx_word' id='word_1_446' title='bbox 785 2430 841 2460; x_wconf 85' lang='lat' dir='ltr'>illi.</span> <span class='ocrx_word' id='word_1_447' title='bbox 893 2430 1012 2461; x_wconf 85' lang='lat' dir='ltr'>Nescio</span> <span class='ocrx_word' id='word_1_448' title='bbox 1031 2441 1072 2460; x_wconf 87' lang='lat' dir='ltr'>an</span> <span class='ocrx_word' id='word_1_449' title='bbox 1091 2432 1194 2461; x_wconf 85' lang='lat' dir='ltr'>nodus</span> <span class='ocrx_word' id='word_1_450' title='bbox 1210 2431 1271 2462; x_wconf 90' lang='lat' dir='ltr'>hoc</span> <span class='ocrx_word' id='word_1_451' title='bbox 1289 2434 1385 2463; x_wconf 91' lang='lat' dir='ltr'>modo</span> <span class='ocrx_word' id='word_1_452' title='bbox 1400 2444 1452 2464; x_wconf 85' lang='lat' dir='ltr'>ex-</span> 
     </span>
     <span class='ocr_line' id='line_1_72' title="bbox 785 2472 1454 2511; baseline 0.007 -10"><span class='ocrx_word' id='word_1_453' title='bbox 785 2472 943 2511; x_wconf 82' lang='lat' dir='ltr'>pediatur,</span> <span class='ocrx_word' id='word_1_454' title='bbox 974 2472 998 2501; x_wconf 88' lang='lat' dir='ltr'>si</span> <span class='ocrx_word' id='word_1_455' title='bbox 1028 2472 1130 2511; x_wconf 90' lang='lat' dir='ltr'>pretio</span> <span class='ocrx_word' id='word_1_456' title='bbox 1159 2474 1279 2504; x_wconf 88' lang='lat' dir='ltr'>maiore</span> <span class='ocrx_word' id='word_1_457' title='bbox 1309 2485 1454 2506; x_wconf 87' lang='lat' dir='ltr'>censores</span> 
     </span>
     <span class='ocr_line' id='line_1_73' title="bbox 785 2515 1452 2557; baseline 0.007 -14"><span class='ocrx_word' id='word_1_458' title='bbox 785 2515 830 2544; x_wconf 88' lang='lat' dir='ltr'>sal</span> <span class='ocrx_word' id='word_1_459' title='bbox 857 2515 1075 2553; x_wconf 85' lang='lat' dir='ltr'>praebendum</span> <span class='ocrx_word' id='word_1_460' title='bbox 1100 2515 1274 2546; x_wconf 83' lang='lat' dir='ltr'>locaverint</span> <span class='ocrx_word' id='word_1_461' title='bbox 1302 2517 1332 2546; x_wconf 89' lang='lat' dir='ltr'>in</span> <span class='ocrx_word' id='word_1_462' title='bbox 1363 2519 1452 2557; x_wconf 88' lang='lat' dir='ltr'>oppi-</span> 
     </span>
     <span class='ocr_line' id='line_1_74' title="bbox 786 2556 1452 2596; baseline 0.005 -10"><span class='ocrx_word' id='word_1_463' title='bbox 786 2556 869 2586; x_wconf 82' lang='lat' dir='ltr'>dulis</span> <span class='ocrx_word' id='word_1_464' title='bbox 886 2557 933 2593; x_wconf 87' lang='lat' dir='ltr'>iis,</span> <span class='ocrx_word' id='word_1_465' title='bbox 949 2556 982 2586; x_wconf 90' lang='lat' dir='ltr'>in</span> <span class='ocrx_word' id='word_1_466' title='bbox 998 2557 1112 2595; x_wconf 85' lang='lat' dir='ltr'>quibus</span> <span class='ocrx_word' id='word_1_467' title='bbox 1127 2558 1309 2596; x_wconf 86' lang='lat' dir='ltr'>negotiandi</span> <span class='ocrx_word' id='word_1_468' title='bbox 1325 2563 1357 2589; x_wconf 90' lang='lat' dir='ltr'>et</span> <span class='ocrx_word' id='word_1_469' title='bbox 1373 2570 1452 2589; x_wconf 89' lang='lat' dir='ltr'>nun-</span> 
     </span>
     <span class='ocr_line' id='line_1_75' title="bbox 785 2598 1450 2632; baseline 0.006 -4"><span class='ocrx_word' id='word_1_470' title='bbox 785 2598 915 2628; x_wconf 86' lang='lat' dir='ltr'>dinandi</span> <span class='ocrx_word' id='word_1_471' title='bbox 939 2609 1034 2629; x_wconf 83' lang='lat' dir='ltr'>causa</span> <span class='ocrx_word' id='word_1_472' title='bbox 1054 2599 1287 2630; x_wconf 82' lang='lat' dir='ltr'>conveniebant</span> <span class='ocrx_word' id='word_1_473' title='bbox 1307 2601 1391 2631; x_wconf 82' lang='lat' dir='ltr'>cives</span> <span class='ocrx_word' id='word_1_474' title='bbox 1411 2612 1450 2632; x_wconf 88' lang='lat' dir='ltr'>ex</span> 
     </span>
     <span class='ocr_line' id='line_1_76' title="bbox 784 2640 1453 2683; baseline 0.007 -14"><span class='ocrx_word' id='word_1_475' title='bbox 784 2640 822 2670; x_wconf 85' lang='lat' dir='ltr'>iis</span> <span class='ocrx_word' id='word_1_476' title='bbox 847 2640 1004 2678; x_wconf 88' lang='lat' dir='ltr'>tribubus,</span> <span class='ocrx_word' id='word_1_477' title='bbox 1028 2651 1163 2680; x_wconf 87' lang='lat' dir='ltr'>quarum</span> <span class='ocrx_word' id='word_1_478' title='bbox 1188 2642 1330 2673; x_wconf 81' lang='lat' dir='ltr'>maxime</span> <span class='ocrx_word' id='word_1_479' title='bbox 1355 2653 1453 2683; x_wconf 89' lang='lat' dir='ltr'>opera</span> 
     </span>
     <span class='ocr_line' id='line_1_77' title="bbox 786 2682 1173 2714; baseline 0.005 -2"><span class='ocrx_word' id='word_1_480' title='bbox 786 2682 895 2712; x_wconf 83' lang='lat' dir='ltr'>Livius</span> <span class='ocrx_word' id='word_1_481' title='bbox 910 2683 1080 2713; x_wconf 81' lang='lat' dir='ltr'>damnatus</span> <span class='ocrx_word' id='word_1_482' title='bbox 1095 2688 1173 2714; x_wconf 87' lang='lat' dir='ltr'>erat.</span> 
     </span>
    </p>

    <p class='ocr_par' dir='ltr' id='par_1_19' title="bbox 785 2726 1450 2806">
     <span class='ocr_line' id='line_1_78' title="bbox 831 2726 1450 2765; baseline 0.006 -11"><span class='ocrx_word' id='word_1_483' title='bbox 831 2734 841 2754; x_wconf 94' lang='lat'>1</span> <span class='ocrx_word' id='word_1_484' title='bbox 868 2726 1041 2756; x_wconf 82' lang='lat' dir='ltr'>Duodecim</span> <span class='ocrx_word' id='word_1_485' title='bbox 1054 2727 1166 2757; x_wconf 76' lang='lat' dir='ltr'>deinde</span> <span class='ocrx_word' id='word_1_486' title='bbox 1178 2727 1391 2765; x_wconf 81' lang='lat' dir='ltr'>coloniarum]</span> <span class='ocrx_word' id='word_1_487' title='bbox 1411 2728 1450 2759; x_wconf 80' lang='lat' dir='ltr'>cf.</span> 
     </span>
     <span class='ocr_line' id='line_1_79' title="bbox 785 2767 943 2806; baseline 0.006 -10"><span class='ocrx_word' id='word_1_488' title='bbox 785 2767 877 2805; x_wconf 82' lang='lat' dir='ltr'>Supr.</span> <span class='ocrx_word' id='word_1_489' title='bbox 898 2776 943 2806; x_wconf 84' lang='lat'>15.</span> 
     </span>
    </p>
   </div>
   <div class='ocr_carea' id='block_1_6' title="bbox 1098 2851 1222 2891">
    <p class='ocr_par' dir='ltr' id='par_1_20' title="bbox 1098 2851 1222 2891">
     <span class='ocr_line' id='line_1_80' title="bbox 1098 2851 1222 2891; baseline 0.008 -1"><span class='ocrx_word' id='word_1_490' title='bbox 1098 2851 1222 2891; x_wconf 80' lang='lat' dir='ltr'>Kk2</span> 
     </span>
    </p>
   </div>
  </div>
 </body>
</html>
