1825 3173
107 893 299 924 Clastidium

108 935 225 964 Poenis
242 945 310 974 pro-

106 977 219 1009 ditum.

173 1405 241 1441 49.

106 1458 173 1487 Res
189 1459 272 1488 cirea

106 1500 249 1530 Siciliam

105 1547 188 1572 terra
203 1542 293 1572 mari-

105 1595 166 1624 que
182 1588 298 1624 gestae.

319 119 374 155 44
823 113 969 154 TITI
1013 112 1190 154 LIVII

287 247 293 253 ‚
322 212 404 244 tate
432 203 609 258 praedae
641 203 684 243 in
715 218 845 243 vacua
876 202 1070 243 Romana
1100 209 1232 242 castra
1264 200 1475 241 Numidae
1507 200 1706 241 devertis-

286 289 293 296 ·
321 268 423 301 sent.

486 259 550 300 Ibi
571 260 686 309 dum,
708 267 1014 315 perscrutantes
1045 258 1136 299 loca
1160 258 1300 298 omnia
1327 265 1567 306 castrorum,
1588 256 1705 297 nullo

321 317 416 358 satis
437 317 565 372 digno
596 331 735 357 morae
766 316 901 371 pretio
933 324 1098 371 tempus
1126 322 1279 363 terunt,
1302 314 1474 355 emissus
1503 314 1632 354 hostis
1653 313 1705 353 de

321 374 512 414 manibus
533 383 620 414 cst:
657 383 698 414 et
720 389 850 428 quum
871 373 953 412 iam
976 380 1247 427 transgressos
1264 371 1461 411 Trebiam
1479 370 1704 419 Romanos,

321 440 608 485 metantesque
637 439 768 470 castra
794 429 1120 484 conspexissent,
1144 444 1296 484 paucos
1325 436 1577 467 moratorum
1598 427 1707 467 0001-

321 488 487 536 derunt,
517 488 620 528 citra
646 487 803 527 fiumen
834 487 1096 541 interceptos.
1163 485 1315 540 Scipio,
1338 500 1416 525 nec
1441 484 1706 524 vexationem

320 545 502 585 vulneris
528 545 571 584 in
592 544 659 584 via
679 543 817 583 iactati
850 543 958 582 ultra
987 543 1161 597 patiens,
1186 550 1227 582 et
1247 541 1447 596 collegam
1469 541 1570 595 (iam
1593 539 1705 580 enim
1719 556 1736 586 5

321 610 363 642 et
392 610 629 642 revocatum
659 616 711 640 ex
741 599 881 640 Sicilia
908 599 1117 652 audierat)
1138 608 1250 639 ratus
1278 597 1619 653 exspectandum,
1645 596 1707 637 lo-

322 674 431 707 cum,
455 659 527 713 qui
558 673 686 713 prope
717 657 875 697 fiumen
906 656 1135 696 tutissimus
1163 656 1319 696 stativis
1341 664 1403 695 est
1422 655 1545 703 visus,
1568 653 1707 694 delec-

322 724 412 755 tum
434 714 692 755 communiit.
756 713 850 754 Nec
878 713 1023 768 procul
1051 713 1149 753 inde
1173 712 1387 752 Hannibal
1408 726 1538 767 quum
1561 719 1738 751 conse-6

322 772 461 821 disset,
485 779 688 827 quantum
709 770 882 811 victoria
909 770 1090 825 equestri
1115 770 1258 818 elatus,
1283 777 1445 810 tantum
1473 768 1621 809 anxius
1642 767 1707 807 in-

323 829 429 884 opia,
453 844 559 883 quae
581 843 655 883 per
675 828 858 868 hostium
880 842 999 882 agros
1021 835 1204 875 euntem,
1227 841 1433 880 nusquam
1454 824 1706 881 praeparatis

323 885 632 934 commeatibus,
666 885 797 925 maior
827 884 871 924 in
901 884 990 924 (lies
1021 883 1267 938 excipiebat,
1291 883 1343 923 ad
1367 882 1618 923 Clastidium
1645 881 1706 921 vi-

322 957 431 991 cum,
463 957 547 997 quo
579 956 775 997 magnum
804 941 1002 981 frumenti
1038 955 1258 980 numerum
1295 947 1587 995 congesserant
1618 938 1706 979 Ro-

322 1000 447 1048 mani,
484 999 622 1039 mittit.
686 998 749 1038 Ibi
781 1013 911 1052 quum
941 997 1026 1037 vim
1059 1005 1263 1052 pararent,
1297 1012 1390 1051 spes
1424 996 1532 1037 facta
1565 995 1706 1051 prodi-

322 1056 468 1096 tionis:
504 1071 581 1096 nec
603 1070 700 1095 sane
723 1069 874 1109 magno
896 1054 1045 1109 pretio,
1068 1054 1248 1093 nummis
1269 1054 1402 1094 aureis
1423 1053 1706 1108 quadringen-
1721 1064 1738 1096 7

322 1113 385 1160 tis,
409 1113 538 1152 Dasio
561 1111 817 1151 Brundisino
845 1111 1053 1166 praefecto
1083 1110 1279 1165 praesidii
1300 1119 1506 1165 corrupto,
1531 1110 1707 1150 traditur

322 1168 551 1209 Hannibali
577 1168 839 1208 Clastidium.
903 1166 954 1207 Id
975 1167 1171 1207 horreum
1191 1167 1271 1206 fuit
1290 1167 1443 1207 Poenis
1465 1167 1706 1207 sedentibus

320 1225 373 1265 ad
409 1225 619 1266 Trebiam.
688 1224 739 1264 In
776 1224 958 1278 captivos
992 1238 1044 1263 ex
1078 1223 1229 1263 tradito
1260 1223 1479 1278 praesidio,
1516 1231 1563 1263 ut
1597 1223 1707 1263 fama

321 1282 566 1322 clementiae
598 1281 642 1321 in
673 1280 878 1336 principio
909 1295 1048 1320 rerum
1079 1279 1354 1335 colligeretur,
1378 1279 1482 1320 nihil
1504 1280 1706 1320 saevitum

321 1347 393 1379 est.

382 1395 526 1442 Quum
549 1395 601 1434 ad
624 1394 820 1434 Trebiam
847 1402 1036 1434 terrestre
1063 1394 1314 1434 constitisset
1341 1394 1511 1442 bellum,
1537 1393 1705 1434 interim

321 1453 430 1492 circa
465 1451 648 1492 Siciliam
688 1450 925 1505 insulasque
960 1450 1104 1490 Italiae
1135 1450 1414 1499 imminentes,
1449 1460 1491 1490 et
1526 1466 1550 1490 a
1588 1450 1706 1490 Sem-

321 1509 469 1564 pronio
491 1507 673 1555 consule,
697 1516 738 1548 et
769 1515 863 1547 ante
896 1507 1122 1547 adventum
1153 1507 1255 1555 eius,
1285 1515 1393 1547 terra
1423 1507 1609 1561 marique
1640 1522 1706 1547 res

320 1574 470 1621 gestae.
532 1564 697 1619 Viginti
718 1564 1041 1619 quinqueremes
1063 1578 1158 1604 cum
1184 1563 1296 1604 mille
1317 1564 1482 1604 armatis
1503 1564 1555 1604 ad
1576 1564 1705 1619 depo-

321 1622 547 1678 pulandam
576 1636 689 1661 oram
711 1620 855 1661 Italiae
879 1636 901 1660 a
926 1620 1341 1675 Carthaginiensibus
1372 1621 1530 1669 missae,
1554 1636 1704 1661 novem

321 1680 506 1734 Liparas,
537 1687 629 1718 octo
658 1677 835 1717 insulam
867 1677 1047 1717 Vulcani
1084 1686 1322 1726 tenuerunt,
1355 1685 1436 1718 tres
1473 1678 1517 1717 in
1551 1678 1736 1722 fretumg

321 1737 469 1777 avertit
501 1744 647 1777 aestus.
711 1735 783 1774 Ad
818 1749 886 1774 eas
922 1743 1162 1788 conspectas
1198 1750 1221 1774 a
1255 1734 1451 1775 Messana
1481 1734 1704 1775 duodecim

320 1808 445 1833 naves
476 1793 526 1833 ab
565 1791 751 1832 Hierone
789 1806 885 1846 rege
925 1791 1277 1846 Syracusanorum
1313 1791 1471 1840 missae,
1506 1791 1578 1846 qui
1615 1799 1704 1831 tum

320 1850 424 1890 forte
448 1849 665 1890 Messanae
692 1856 792 1896 erat,
815 1848 1028 1888 consulem
1058 1848 1298 1888 Romanum
1330 1849 1562 1903 opperiens,
1589 1848 1704 1889 nullo

320 1914 578 1961 repugnante
601 1914 740 1960 captas
762 1920 886 1945 naves
909 1904 1147 1945 Messanam
1170 1905 1213 1945 in
1234 1914 1400 1961 portum
1422 1905 1700 1946 deduxerunt.

325 1963 553 2018 Cognitum
576 1978 628 2002 cx
651 1962 834 2017 captivis,
852 1971 1016 2017 praeter
1035 1962 1183 2017 viginti
1203 1977 1341 2011 naves,
1364 1962 1481 2002 cuius
1502 1962 1580 2017 ipsi
1601 1962 1704 2002 clas-

322 2020 375 2059 sis
396 2028 544 2068 essent,
569 2020 611 2059 111
634 2019 795 2059 Italiam
820 2019 974 2068 missaS,
997 2019 1184 2074 quinque
1206 2028 1248 2059 et
1270 2019 1440 2075 triginta
1460 2019 1558 2059 alias
1579 2019 1704 2074 quin-

322 2092 540 2131 queremes
573 2076 755 2117 Siciliam
788 2085 929 2131 petere
967 2076 1019 2116 ad
1055 2076 1335 2116 sollicitandos
1362 2084 1522 2117 veteres
1557 2076 1699 2116 socios.

322 2133 512 2189 Lilybaei
529 2133 760 2188 occupandi
782 2133 1048 2188 praecipuam
1066 2148 1206 2173 curam
1223 2148 1334 2173 esse:
1366 2133 1534 2173 credere
1556 2132 1703 2173 eadem

1031 2290 1110 2323 erat,
1137 2297 1241 2325 neque
1268 2291 1342 2316 ante
1369 2297 1419 2316 an.
1450 2287 1493 2317 U.
1511 2287 1548 2317 C.
1578 2296 1650 2325 547,
1676 2287 1701 2316 si

1032 2328 1136 2358 Plinio
1157 2330 1236 2359 fides
1256 2329 1362 2358 danda
1381 2329 1431 2365 sit,
1454 2329 1498 2359 H.
1522 2329 1565 2359 N.
1588 2329 1699 2359 xxxiii.

1033 2381 1059 2409 3.
1122 2371 1223 2400 Haud
1259 2371 1356 2400 dubie
1385 2374 1492 2400 noster
1522 2371 1700 2410 proleptice

363 2295 378 2326 5
411 2288 559 2317 Vulneris
574 2289 606 2316 in
628 2289 676 2317 ria
690 2289 815 2324 ica-tati]
835 2289 986 2317 laustan-

320 2331 359 2359 eis
371 2329 419 2359 vel
431 2330 565 2359 iuclanti
577 2329 701 2359 codices
713 2330 841 2360 habent.
868 2331 986 2359 Iac-tali

319 2382 358 2401 ex
376 2371 600 2400 emendatione
621 2372 663 2401 N.
684 2372 809 2401 Heinsii
830 2371 986 2410 provenit,

320 2413 371 2442 cui
394 2413 532 2443 Bekker.
558 2423 590 2443 se
609 2413 738 2443 addicit.
766 2414 803 2443 cf.
822 2413 892 2444 infr.
910 2424 985 2443 xxx.

325 2465 369 2494 19.
387 2455 441 2484 nbi
458 2456 498 2484 de
519 2457 688 2486 laetatione
711 2457 852 2485 vulneris
876 2457 910 2485 in
933 2457 986 2485 ria

321 2501 427 2526 noster
445 2498 594 2535 loquitur.

363 2538 382 2568 6
406 2541 475 2569 sVec
488 2540 603 2577 procul
617 2541 691 2570 inde
706 2541 878 2569 Hannibal
892 2551 987 2580 quum

321 2582 521 2617 consedissel]
550 2582 726 2611 Intervallo
747 2582 888 2620 quinque
908 2581 987 2612 mill,

324 2631 404 2659 pass.
429 2625 460 2650 et
484 2621 601 2651 Trebia
624 2623 721 2652 fluvio
746 2623 828 2653 inter
854 2627 988 2661 utraque

323 2666 424 2691 castra
440 2662 614 2693 interiecto.
627 2666 665 2694 cf.
684 2664 797 2703 Polyb.
811 2665 853 2695 iii.
867 2665 916 2695 68.
935 2665 987 2703 qui

321 2708 353 2732 et
371 2705 511 2741 inopiam
538 2704 605 2733 eius
623 2715 642 2734 a
663 2706 768 2736 Gallis
787 2708 986 2736 sublevatam

320 2745 406 2775 dicit.
424 2746 508 2774 Rur.

365 2794 380 2824 7
404 2788 552 2816 Nummis
582 2789 706 2824 aureis]
745 2790 807 2818 Sed
839 2800 987 2819 nummus

320 2839 438 2859 (turcus
464 2828 568 2858 adhuc
601 2829 725 2858 Romae
756 2841 818 2859 non
846 2831 987 2869 signatus

1032 2412 1184 2451 loquitur,
1206 2416 1237 2442 et
1258 2416 1391 2442 stateras
1411 2413 1476 2442 sive
1499 2413 1701 2443 didrachmas

1031 2465 1141 2484 aureas
1175 2454 1291 2491 innuit,
1321 2455 1592 2492 quemadmodum
1623 2465 1700 2485 voce

1030 2498 1174 2527 denariis
1198 2507 1282 2535 supr.
1303 2497 1367 2527 viii.
1394 2507 1440 2527 11.
1462 2507 1520 2536 pro
1541 2497 1700 2527 drachmis

1033 2539 1141 2568 utitur.

1076 2582 1094 2610 8
1117 2582 1261 2611 Insulam
1285 2582 1421 2611 Vulcani
1442 2582 1631 2619 tenuerunt]
1660 2581 1698 2612 cf.

1034 2623 1112 2653 Infr.
1121 2623 1230 2653 xxviii.
1243 2624 1288 2653 18.
1297 2634 1373 2653 xxx.
1383 2633 1431 2660 24.
1450 2624 1602 2654 Ceterum
1610 2633 1699 2662 prae·

1033 2675 1099 2703 pos
1117 2667 1159 2694 ad
1174 2675 1404 2703 nonnunquam
1422 2675 1494 2694 cum
1507 2675 1582 2695 voce
1593 2670 1700 2696 tenere

1032 2707 1168 2737 occurrit
1191 2710 1227 2736 ut
1247 2717 1332 2745 supr.
1354 2706 1374 2737 i.
1393 2716 1418 2736 Ι.
1440 2708 1482 2735 ad
1503 2708 1698 2737 Laurentem

1031 2760 1145 2786 (cm-nm
1191 2750 1340 2781 tenuisse,
1384 2757 1479 2785 quam
1526 2749 1697 2778 lectionem

1034 2790 1196 2828 Kreyssig.
1240 2793 1272 2819 ct
1318 2790 1454 2827 Rupert.
1498 2794 1698 2829 receperunt,

1031 2832 1122 2862 Crev.
1140 2835 1248 2861 tamen
1265 2835 1295 2860 ct
1314 2831 1451 2861 Bekker.
1468 2832 1691 2870 repudiarunt.
