1846 3173
237 113 315 150 114
747 100 895 142 T1T1
937 96 1114 140 LIVII

32 205 129 238 U.C.
153 200 389 243 536-‘ferme
415 211 501 237 esse
534 193 902 249 incompositorum
934 187 1362 236 inordinatorumque.
1425 177 1617 219 Poenum

33 252 68 279 Α·
93 249 130 279 C·
154 244 407 297 ²¹⁶·‘sedere
438 253 491 294 ad
524 252 706 299 Cannas,
732 250 775 289 in
801 248 1060 304 captivorum
1087 240 1231 298 pretiis
1258 236 1495 294 praedaque
1528 233 1620 281 alia,

34 435 159 468 Cereris
173 444 219 464 sa-

36 488 125 509 crum
138 477 231 506 inter-

36 521 165 550 missum
171 543 178 550 .

61 1572 219 1619 Vestales·

60 1621 108 1646 stu
114 1624 161 1654 pri
173 1623 256 1644 com-

62 1662 179 1697 pertae.

242 319 343 353 ‘nec
364 310 530 352 victoris
555 309 706 356 animo,
730 322 807 347 nec
833 304 974 360 magni
998 301 1114 342 ducis
1140 311 1268 345 more,
1291 289 1656 334 nundinantem.⁷9

242 370 354 411 Tum
393 368 574 424 privatae
611 379 778 420 quoque
819 377 894 418 per
926 361 1069 401 domos
1105 355 1243 397 clades
1275 351 1466 406 vulgatae
1502 355 1622 388 sunt:

243 427 431 481 adeoque
459 432 587 464 totam
616 422 760 462 urbem
789 418 973 475 opplevit
999 416 1146 461 luctus,
1171 420 1216 451 ut
1243 422 1405 450 sacrum
1434 404 1626 445 anniver-

245 484 396 525 sarium
436 480 602 521 Cereris
634 477 916 518 intermissum
947 474 1022 521 sit3
1065 471 1164 526 quia
1194 482 1271 508 nec
1308 462 1550 519 lugentibus
1584 458 1629 499 id

244 541 377 582 facere
409 546 471 579 est
498 538 569 586 fas,
599 551 676 576 nec
704 533 789 574 ulla
819 534 861 572 in
893 532 963 572 illa
990 534 1232 583 tempestate
1264 530 1453 562 matrona
1482 530 1631 572 expers

246 599 383 638 luctus
406 596 550 635 fuerat.
613 592 775 646 Itaque,
798 605 850 630 ne
880 590 933 629 ob
961 585 1136 628 eandem
1162 594 1327 623 causam
1356 577 1436 618 alia
1461 588 1630 630 quoque

248 669 362 695 sacra
406 651 574 708 publica
613 657 685 689 aut
729 647 888 703 privata
928 645 1229 687 desererentur,
1271 630 1632 677 senatusconsulto

250 712 397 752 diebus
425 708 595 763 triginta
620 706 756 746 luctus
783 712 845 744 est
874 701 1027 742 finitus.
1093 697 1294 738 Ceterum
1323 705 1467 746 quum,
1491 687 1633 728 sedato

252 768 363 809 urbis
385 765 580 813 tumultu,
603 761 781 803 revocati
802 761 845 800 in
867 758 1023 800 curiam
1052 755 1199 796 Patres
1221 758 1372 797 essent,
1395 747 1498 787 aliae
1521 745 1635 784 insu-

252 839 327 880 per
340 838 392 864 ex
418 821 557 863 Sicilia
572 821 713 860 literae
733 817 878 858 allatae
897 822 993 856 sunt
1014 813 1065 854 ab
1087 812 1136 852 T.
1157 807 1339 851 Otacilio
1355 810 1635 860 propraetore,

256 888 265 905 ‘
284 882 482 936 Regnum
505 876 703 917 Hieronis
724 874 849 915 classe
878 871 1040 913 Punica
1059 867 1233 909 vastari:
1268 863 1335 904 cui
1357 875 1488 917 quum
1515 872 1637 914 opem

257 935 519 992 ‘imploranti
547 934 652 974 ferre
675 931 810 979 vellet,
833 929 1072 970 nuntiatum
1094 924 1171 965 sibi
1199 936 1301 969 esse,
1325 919 1446 960 aliam
1467 916 1639 957 classem

259 1001 269 1018 ‘
286 994 338 1035 ad
369 993 551 1047 Aegates
572 989 725 1030 insulas
747 995 867 1035 stare,
889 992 1074 1041 paratam
1096 982 1446 1031 instructamque3
1480 982 1538 1020 ut,
1568 970 1641 1011 ubi

260 1057 271 1075 ‘
284 1066 326 1091 se
340 1063 503 1091 versum
521 1047 573 1088 ad
590 1044 788 1087 tuendam
809 1042 1107 1099 Syracusanam
1124 1051 1235 1078 oram
1253 1032 1387 1074 Poeni
1404 1030 1640 1076 sensissent,

262 1114 272 1131 ‘
286 1107 533 1163 Lilybaeum
566 1101 777 1156 extemplo
799 1098 1138 1154 provinciamque
1160 1093 1281 1133 aliam
1305 1090 1541 1130 Romanam
1573 1100 1643 1140 ag·
1660 1103 1671 1123 1

262 1163 573 1219 ‘grederentun
637 1158 783 1212 Itaque
820 1155 945 1195 classe
978 1167 1082 1208 opus
1113 1165 1213 1197 esse,
1246 1147 1279 1187 si
1309 1159 1450 1200 regem
1485 1142 1643 1183 socium

264 1228 274 1244 ‘
292 1219 559 1272 Siciliamque
582 1215 688 1256 tueri
709 1212 890 1253 vellent.'

322 1275 474 1318 Literis
507 1271 685 1314 consulis
720 1267 1079 1326 propraetorisque
1116 1263 1246 1311 lectis,
1283 1266 1547 1305 censuerunt,
1582 1254 1677 1296 ΜΛ

269 1333 510 1380 Claudium,
534 1330 606 1386 qui
628 1328 745 1369 classi
767 1326 820 1367 ad
845 1325 1005 1366 Ostiam
1028 1322 1151 1363 stanti
1169 1325 1389 1376 praeesset,
1416 1313 1649 1356 Canusium

265 1392 317 1433 ad
338 1389 567 1431 exercitum
590 1383 854 1431 mittendum,
873 1380 1222 1433 scribendumque
1245 1373 1417 1422 consuli,
1440 1380 1499 1420 ut,
1518 1384 1650 1426 quum

266 1446 446 1504 praetori
491 1443 721 1484 exercitum
770 1439 1018 1485 tradidisset,
1060 1436 1193 1491 primo
1234 1445 1402 1488 quoque
1449 1438 1649 1483 tempore,

269 1512 472 1560 quantum
501 1515 575 1557 per
602 1497 868 1539 commodum
893 1493 1144 1549 reipublicae
1173 1491 1262 1530 fieri
1292 1496 1442 1544 posset,
1472 1485 1652 1525 Romam

268 1562 439 1602 veniret.
503 1558 541 1598 T
544 1556 657 1597 erriti
689 1554 813 1595 etiam
845 1566 968 1607 super
1000 1558 1132 1590 tantas
1162 1547 1311 1594 clades,
1344 1557 1473 1599 quum
1505 1540 1653 1582 ceteris

270 1616 482 1674 prodigiis,
506 1623 594 1655 tum
618 1611 733 1667 quod
763 1610 870 1650 duae
892 1606 1083 1648 Vestales
1104 1620 1153 1646 eo
1182 1618 1305 1651 anno,
1331 1599 1500 1656 Opimia
1528 1606 1653 1653 atque

272 1673 476 1721 Floronia,
499 1670 630 1725 stupri
660 1675 907 1722 compertae,
931 1673 973 1705 et
997 1663 1125 1704 altera
1151 1661 1227 1701 sub
1250 1668 1368 1706 terra,
1392 1666 1438 1697 ut
1466 1670 1554 1696 mos
1579 1662 1653 1702 est,

272 1732 324 1773 ad
345 1738 506 1786 portam
532 1726 742 1767 Collinam
767 1731 915 1764 necata
934 1721 1081 1768 fuerat,
1104 1718 1233 1759 altera
1252 1716 1418 1756 sibimet
1439 1714 1527 1768 ipsa
1547 1725 1656 1752 mor-

275 1799 358 1830 tem
380 1785 644 1827 consciverat.
708 1781 756 1821 L.
785 1778 1004 1826 Cantilius,
1027 1776 1161 1817 scriba
1180 1772 1401 1829 pontificis,
1424 1783 1528 1825 quos
1544 1782 1656 1808 nunc
1671 1778 1688 1807 3

275 1846 455 1886 minores
492 1840 710 1897 pontifices
747 1836 970 1892 appellant,
1003 1834 1075 1888 qui
1112 1846 1207 1872 cum
1239 1827 1433 1870 Floronia
1468 1834 1657 1880 stuprum

275 1903 440 1948 fecerat,
457 1915 480 1940 a
501 1896 696 1954 pontifice
715 1893 897 1934 maximo
911 1907 961 1932 eo
984 1904 1115 1944 usque
1133 1887 1257 1942 virgis
1271 1887 1315 1925 in
1332 1883 1500 1925 comitio
1517 1895 1659 1922 caesus

276 1966 375 2006 erat,
406 1965 452 1997 ut
482 1956 591 1995 inter
620 1953 790 1993 verbera
820 1949 1058 2004 exspiraret.
1122 1944 1217 1985 Hoc
1249 1942 1362 1982 nefas
1393 1954 1523 1995 quum
1551 1938 1660 1978 inter

279 2024 351 2064 tot,
384 2022 429 2054 ut
461 2013 521 2061 fit,
553 2009 690 2051 clades
730 2009 773 2048 in
808 2005 1048 2062 prodigium
1081 2016 1244 2042 versum
1278 2006 1397 2046 esset,
1438 1994 1661 2036 decemviri

279 2073 404 2112 libros
435 2069 548 2110 adire
580 2066 677 2107 iussi
709 2073 815 2105 sunt.
880 2062 935 2102 Et
969 2060 1022 2108 Q.
1040 2059 1191 2100 Fabius
1221 2056 1363 2097 Pictor
1392 2052 1582 2108 Delphos
1610 2050 1663 2091 ad

280 2126 491 2168 oraculum
513 2125 660 2165 missus
683 2133 745 2163 est
765 2119 1031 2166 sciscitatum,
1047 2115 1198 2171 quibus
1219 2112 1410 2168 precibus
1431 2108 1662 2164 suppliciis·
1675 2124 1694 2150 4

281 2244 384 2275 millia
407 2243 470 2273 iam
497 2240 629 2273 Canusii
653 2241 754 2275 erant,
777 2240 949 2274 antequam
994 2236 1098 2269 erunt,
1109 2230 1227 2262 Stroth.
1243 2232 1273 2259 et
1288 2227 1450 2267 Kreyssig.
1464 2225 1663 2255 inserendam

283 2288 384 2317 Varro
395 2296 432 2315 eo
449 2294 521 2315 cum
535 2285 685 2321 quattuor
695 2279 837 2309 millibus
855 2277 949 2307 venit.
996 2275 1187 2305 maluerunt.

284 2328 393 2359 GRON.
1041 2326 1057 2355 3
1075 2316 1186 2346 Scriba
1194 2313 1365 2353 pontificis,
1375 2321 1451 2351 quos
1461 2310 1565 2346 nunc]
1584 2307 1664 2339 Scri-

324 2380 344 2411 9
366 2366 630 2403 Mmdinantem]
666 2364 763 2394 Hanc
785 2360 951 2400 elegantis-
998 2360 1037 2388 ba
1053 2356 1223 2397 pontificis,
1240 2365 1279 2385 ex
1296 2363 1405 2384 eorum
1419 2352 1592 2382 scribarum
1608 2360 1665 2379 nu-

284 2413 396 2442 simam
423 2410 594 2440 lectionem
622 2406 703 2437 eruit
728 2405 869 2435 Gronov.
895 2412 952 2441 pro
997 2411 1096 2437 mero,
1120 2408 1199 2437 quos
1226 2407 1311 2426 nuuc
1339 2397 1476 2425 minores
1500 2393 1666 2432 pontifices

287 2455 368 2493 vulg.
383 2454 596 2482 nuntiantem.
614 2449 653 2479 cf.
676 2447 773 2477 Ennii
790 2447 880 2476 locus
901 2454 952 2482 ap.
998 2443 1174 2481 appellant.
1210 2439 1290 2469 Aliis
1306 2437 1404 2476 magis
1420 2437 1538 2476 placet,
1553 2434 1666 2464 referre

285 2496 353 2526 Cic.
366 2495 428 2525 Off.
441 2494 461 2524 i.
478 2503 523 2523 12.
538 2493 662 2527 citatus,
673 2500 729 2520 nec
739 2490 956 2528 cauponantes
1001 2494 1111 2515 vocem
1133 2493 1219 2523 quos,
1239 2491 1303 2511 non
1325 2481 1365 2510 ad
1385 2480 1532 2514 scribam,
1552 2477 1607 2506 sed
1626 2476 1667 2506 ad

287 2539 400 2568 bellum
415 2537 468 2567 sed
483 2536 712 2574 I2elliyeran.tes.
994 2527 1176 2566 pontificem
1189 2538 1197 2554 :
1223 2523 1324 2553 scriba
1343 2520 1514 2561 pontificis,
1530 2518 1583 2557 qui
1600 2517 1667 2556 qui-

334 2589 344 2608 1
372 2578 639 2616 Provinciamqne
658 2574 771 2610 aliam]
804 2582 846 2602 sc.
865 2570 952 2601 Reli·
998 2570 1071 2599 dem
1088 2566 1233 2607 pontifex
1249 2568 1330 2595 esset
1347 2574 1386 2594 ex
1399 2572 1507 2593 eorum
1524 2569 1668 2595 numero,

290 2630 397 2658 quam,
413 2622 448 2648 ut
464 2628 548 2656 supr.
570 2628 615 2647 11.
633 2620 664 2646 et
681 2615 746 2645 xxi.
765 2612 813 2653 56.
1000 2621 1078 2649 quos
1100 2619 1185 2639 nunc
1205 2607 1343 2637 minores
1367 2604 1534 2644 pontifices
1557 2601 1668 2640 appel-

334 2671 349 2690 ε
376 2660 592 2695 Censuerunt]
642 2658 739 2687 Hanc
769 2665 892 2691 vocem,
920 2657 955 2683 ut
1000 2654 1078 2683 lant.
1102 2652 1207 2681 CREV.
1253 2649 1404 2679 Ceterum
1421 2650 1484 2675 tres
1500 2644 1668 2684 pontifices

291 2712 373 2741 quae
399 2702 439 2730 ab
464 2701 610 2729 omnibus
635 2700 706 2729 edd.
734 2702 766 2728 et
797 2697 956 2736 plerisque
1001 2694 1138 2724 minores
1174 2692 1403 2722 commemorat
1433 2687 1501 2718 Cic.
1532 2686 1572 2715 de
1599 2684 1667 2714 Ha-

293 2744 384 2773 codd.
401 2741 530 2780 optimis
545 2741 638 2776 absit,
653 2740 806 2769 omittunt
817 2739 908 2769 Crev.
926 2740 957 2766 et
1002 2736 1255 2774 rusp.Respons.
1267 2731 1295 2762 6.
1318 2732 1357 2761 cf.
1372 2729 1506 2760 Niebhr.
1522 2727 1541 2757 i.
1553 2737 1583 2756 n.
1599 2732 1668 2764 775.

295 2785 432 2815 Bekker.
447 2783 500 2812 sed
517 2792 615 2820 quum
632 2782 695 2811 tale
712 2782 788 2819 quid
804 2784 889 2810 certe
904 2780 955 2808 de-
1044 2789 1062 2815 4
1085 2775 1338 2814 Suppliciisque]
1365 2772 1461 2801 Hanc
1484 2777 1595 2798 vocem
1612 2777 1669 2806 pro

294 2827 457 2861 sideretur,
479 2828 513 2853 ut
536 2823 682 2861 Sigonius
705 2822 823 2860 aliique
846 2830 955 2850 monu-
1001 2816 1299 2857 supplicationibus,
1316 2823 1353 2843 ex
1375 2812 1504 2843 Sallust.
1526 2809 1621 2840 Catil.
1639 2818 1668 2849 9.
