1877 3178
343 106 427 143 484
852 98 999 139 TITI
1043 97 1220 139 LIVII

141 201 182 231 U.
201 200 238 230 st.
263 199 331 238 548.
346 191 552 233 crensium
574 188 690 231 clade
713 190 884 238 animos,
902 188 1064 229 nullum
1087 187 1393 229 misericordiae
1415 188 1553 229 locum
1575 188 1733 229 habue-

141 245 177 272 A.
202 243 239 272 C.
264 251 333 278 ²04·
347 258 456 290 runt.
518 247 681 296 Postea,
699 262 831 301 quum
851 246 1014 301 saepius
1029 245 1375 300 producerentur,
1393 245 1475 285 iam
1492 253 1732 286 senescente

349 305 519 353 invidia,
541 304 834 344 molliebantur
854 303 937 342 irae
954 318 963 342 z
998 311 1039 342 et
1060 302 1149 356 ipsa
1169 301 1409 342 deformitas
1430 301 1627 342 Pleminii
1649 316 1736 342 me-

350 362 563 416 moriaque
586 360 765 401 absentis
790 358 996 414 Scipionis
1011 358 1193 398 favorem
1210 358 1262 398 ad
1284 358 1456 413 vulgum
1474 357 1733 398 conciliabat.

352 418 548 460 Mortuus
574 426 713 457 tamen
734 416 847 471 prius
875 416 919 455 in
940 414 1115 455 vinculis
1136 423 1210 463 est,
1234 429 1359 469 quam
1383 414 1585 454 iudicium
1613 414 1665 454 de
1687 429 1737 454 eo

352 474 496 530 populi
518 474 799 529 perficeretur.
863 471 992 512 Hunc
1014 470 1268 511 Pleminium
1290 470 1466 511 Clodius
1483 470 1672 511 Licinius
1694 470 1736 510 in
1753 482 1769 513 7

353 532 459 572 libro
490 531 612 571 tertio
643 544 781 570 rerum
816 528 1101 568 Romanarum
1133 527 1270 575 refert,
1302 527 1411 567 ludis
1441 527 1602 574 votivis,
1634 541 1738 582 quos

357 589 516 628 Romae
559 586 782 627 Africanus
822 585 971 625 iterum
1013 583 1157 624 consul
1197 584 1387 632 faciebat,
1429 592 1623 624 conatum
1664 597 1739 638 per

356 644 571 699 quosdam,
587 657 690 698 quos
710 642 845 697 pretio
867 652 1117 696 corruperat,
1135 640 1292 695 aliquot
1310 640 1410 681 locis
1431 641 1576 680 urbem
1598 640 1741 680 incen-

357 702 468 749 dere,
487 708 533 740 ut
548 699 766 754 frangendi
789 698 962 738 carceris
978 697 1250 752 fugiendique
1271 696 1444 737 haberet
1461 696 1736 737 occasionem:

358 757 563 813 patefacto
585 757 683 796 dein
705 755 871 803 scelere,
895 754 1130 809 delegatum
1152 753 1195 793 in
1218 753 1461 793 Tullianum
1484 768 1535 793 ex
1557 760 1774 793 senatus-8

359 811 561 855 consulto.
624 812 691 852 De
727 811 920 866 Scipione
952 825 1170 865 nusquam,
1200 810 1279 849 nisi
1310 810 1353 849 in
1384 817 1543 858 senatu,
1575 818 1739 849 actumz

360 870 432 910 ubi
468 884 612 909 omnes
642 868 851 922 legatique
883 875 925 907 et
956 867 1123 914 tribuni,
1156 866 1327 907 classem
1363 881 1467 915 eam,
1499 866 1742 914 exercitum,

361 927 597 980 ducemque
626 925 760 964 verbis
788 923 1048 971 extollentes,
1071 923 1311 971 effecerunt,
1334 932 1381 963 ut
1408 931 1573 963 senatus
1601 937 1744 962 cense-

361 991 437 1031 ret,
458 982 593 1036 primo
615 995 782 1035 quoque
813 988 998 1034 tempore
1021 979 1065 1018 in
1095 978 1280 1018 Africam
1306 979 1620 1026 traiiciendum3
1657 978 1745 1019 Sci-

362 1039 562 1094 pionique
584 1037 908 1092 permitteretur,
932 1043 979 1075 ut
1007 1050 1059 1075 ex
1081 1035 1129 1074 iis
1158 1035 1419 1084 exercitibus,
1443 1035 1516 1089 qui
1537 1035 1581 1074 in
1605 1035 1746 1076 Sicilia

362 1104 512 1143 essent,
536 1095 622 1149 ipse
651 1093 819 1147 legeret,
839 1107 943 1147 quos
971 1092 1011 1131 in
1038 1091 1222 1132 Africam
1246 1106 1386 1132 secum
1404 1092 1623 1140 traiiceret,
1641 1106 1746 1147 quos

361 1151 600 1207 provinciae
622 1150 877 1203 relinqueret
898 1148 1115 1203 praesidio.

216 1207 282 1245 23.
421 1208 537 1248 Dum
578 1207 680 1247 haec
721 1205 833 1261 apud
875 1205 1087 1245 Romanos
1122 1213 1336 1260 geruntur,
1380 1204 1747 1260 Carthaginienses

363 1279 545 1320 quoque,
583 1278 726 1318 quum,
761 1261 939 1317 speculis
978 1276 1053 1316 per
1092 1262 1375 1317 promontoria
1410 1261 1550 1302 omnia
1588 1261 1746 1316 positis,

363 1329 681 1376 percunctantes
712 1329 995 1374 paventesque
1032 1317 1084 1357 ad
1115 1318 1300 1373 singulos
1330 1319 1499 1358 nuntios
1529 1318 1747 1358 sollicitam

363 1379 546 1418 hiemem
568 1377 760 1431 egissent,
778 1375 891 1415 haud
912 1389 1084 1430 parvum
1107 1384 1148 1415 et
1168 1375 1246 1430 ipsi
1268 1374 1448 1415 tuendae
1474 1374 1638 1415 Africae
1660 1388 1750 1414 mo-

365 1443 552 1475 mentum
568 1433 810 1473 adiecerunt
826 1432 1065 1472 societatem
1087 1431 1288 1487 Syphacis
1302 1432 1422 1486 regis,
1437 1431 1555 1472 cuius
1568 1431 1748 1471 maxime

364 1491 519 1530 fiducia
558 1490 826 1530 traiecturum
869 1488 912 1528 in
956 1488 1140 1528 Africam
1185 1488 1423 1528 Romanum
1465 1487 1744 1528 crediderunt.

365 1547 466 1587 Erat
497 1546 750 1586 Hasdrubali
782 1545 980 1600 Gisgonis
1008 1544 1092 1585 filio
1122 1560 1207 1585 non
1239 1544 1464 1600 hospitium
1497 1543 1622 1584 modo
1653 1558 1748 1584 cum

365 1618 475 1657 rege,
498 1603 550 1642 de
580 1617 664 1657 quo
694 1610 790 1642 ante
819 1602 979 1642 dictum
1007 1610 1081 1649 est,
1105 1616 1234 1656 quum
1263 1616 1315 1641 ex
1348 1601 1553 1656 Hispania
1571 1600 1676 1641 forte
1705 1600 1748 1640 in

159 1662 344 1710 Isslasffidpuba-
366 1660 478 1700 idem
510 1667 673 1713 tempus
717 1658 856 1712 Scipio
889 1666 1013 1711 atque
1050 1657 1288 1697 Hasdrubal
1324 1665 1632 1698 convenerunt:
1677 1656 1750 1697 sed

158 1705 318 1776 RZC¹³5{¹{¹¹¹
367 1716 524 1756 mentio
555 1729 723 1769 quoque
755 1713 949 1753 inchoata
978 1714 1200 1762 affinitatis,
1233 1723 1279 1753 ut
1316 1729 1388 1753 rex
1420 1714 1592 1754 duceret
1622 1713 1751 1753 filiam

160 1788 257 1827 phax.
286 1756 299 1784 Β
370 1770 653 1812 Hasdrubalis.
718 1770 788 1809 Ad
829 1784 919 1809 eam
960 1784 1048 1809 rem
1089 1770 1459 1810 consummandam
1500 1778 1750 1824 tempusque
1765 1788 1785 1818 9

367 1828 523 1884 nuptiis
544 1827 811 1867 statuendum
834 1826 935 1880 (iam
959 1826 1069 1866 enim
1092 1834 1132 1866 et
1154 1826 1306 1866 nubilis
1327 1835 1414 1866 erat
1434 1826 1570 1881 virgo)
1591 1826 1753 1881 profec-

369 1894 434 1925 tus
457 1883 706 1932 Hasdrubal,
732 1892 777 1923 ut
798 1897 1017 1922 accensum
1039 1882 1266 1937 cupiditate
1289 1883 1352 1936 (et
1372 1890 1469 1922 sunt
1490 1891 1586 1923 ante
1609 1897 1753 1922 omnes

370 1941 582 1981 Numidae
611 1941 804 1980 barbaros
832 1939 951 1978 effusi
980 1939 1023 1978 in
1051 1938 1286 1992 Venerem)
1308 1939 1447 1988 sensit,
1469 1938 1672 1993 virginem
1702 1939 1753 1979 ab

372 1997 625 2051 Carthagine
661 1995 838 2043 arcessit,
878 2003 1139 2049 maturatque
1172 1995 1368 2050 nuptias:
1411 2003 1452 2035 et
1489 1995 1598 2035 inter
1632 1994 1753 2035 aliam

415 2103 430 2135 7
455 2097 583 2126 Clodius
602 2097 765 2132 Licinius]
793 2094 945 2125 Meminit
967 2094 1036 2126 Cic.
1083 2095 1181 2125 cich'
1228 2096 1267 2126 In
1298 2105 1372 2126 eum
1404 2095 1618 2126 demittebant
1649 2099 1756 2126 sontes

371 2139 411 2168 de
439 2139 534 2176 Legg.
561 2138 580 2167 i.
612 2136 640 2168 6.
686 2137 804 2173 Clodii,
835 2137 1036 2166 historiarum
1083 2137 1198 2175 quibus
1221 2138 1297 2175 gula
1322 2138 1436 2176 laqueo
1461 2138 1637 2177 frangenda
1663 2141 1754 2168 esset.

371 2180 552 2218 scriptoris:
578 2179 629 2217 qui
653 2179 676 2208 si
698 2179 749 2208 hic
772 2183 819 2208 est
841 2179 970 2208 Clodius
985 2180 1038 2208 Li·
1087 2180 1272 2208 Tullianzmz
1302 2179 1469 2209 dicebatur
1500 2190 1519 2209 a
1549 2180 1617 2209 Ser.
1645 2179 1756 2209 Tullio

371 2223 485 2256 einins,
510 2221 578 2250 eius
602 2224 690 2250 aetas
710 2224 795 2250 certo
823 2224 1038 2258 cognoscetur.
1084 2230 1167 2258 rege,
1184 2221 1237 2258 qui
1254 2230 1324 2250 eam
1348 2221 1482 2250 carceris
1501 2225 1625 2259 partem
1646 2221 1754 2250 aedifi-

374 2263 481 2293 Docet
504 2263 588 2292 enim
610 2262 728 2291 ibidem
745 2262 859 2292 Cicero
883 2262 987 2297 illum,
1003 2262 1043 2291 de
1088 2266 1224 2291 caverat.
1278 2263 1442 2300 Ceterum,
1469 2263 1553 2301 quod
1584 2263 1636 2292 hic
1666 2262 1755 2292 dubi-

374 2315 436 2343 quo
448 2304 524 2343 agit,
536 2304 686 2334 Clodium
703 2303 861 2341 scripsisse
878 2306 950 2341 post
963 2303 1042 2333 Coe·
1087 2307 1192 2333 tanter
1213 2307 1244 2333 et
1267 2304 1392 2334 adiecto
1408 2304 1545 2334 auctoris
1568 2304 1698 2334 nomine
1717 2305 1756 2334 de

374 2347 454 2376 lium
482 2346 701 2385 Antipatrum,
727 2355 764 2374 ac
796 2345 928 2383 proinde
960 2344 1043 2374 circa
1089 2344 1249 2375 Pleminio
1271 2346 1303 2375 in
1326 2354 1451 2376 carcere
1467 2350 1582 2376 necato
1600 2350 1756 2376 memorat

375 2388 509 2427 Syllana
525 2392 680 2426 tempora.
705 2388 810 2417 CREV.
1088 2387 1210 2424 Livius,
1225 2387 1257 2416 id
1282 2391 1435 2426 tanquam
1460 2391 1594 2424 certum,
1615 2398 1674 2417 nec
1697 2387 1757 2417 sibi

418 2431 436 2459 8
463 2431 664 2466 Tullianum]
683 2429 872 2466 Inferiorem
886 2439 1044 2459 carcerem
1088 2429 1155 2458 ullo
1180 2429 1276 2458 modo
1301 2433 1498 2468 suspectum,
1520 2439 1626 2459 rursus
1650 2433 1757 2459 narrat

376 2475 468 2501 vocat
505 2472 573 2510 ipse
606 2471 715 2500 Livius
752 2470 822 2500 infr.
854 2470 961 2500 xxxiv.
993 2481 1042 2508 44.
1088 2471 1159 2500 loco
1196 2481 1291 2509 supra
1328 2472 1437 2501 allato.
1475 2472 1580 2502 CREV.
1641 2472 1759 2502 career

377 2514 478 2543 Hunc
502 2513 608 2542 locum
634 2512 678 2542 sic
703 2511 852 2542 describit
876 2512 954 2542 Sall.
972 2513 1043 2542 Cat.
1089 2512 1185 2542 hodie
1211 2516 1315 2542 exstat
1345 2513 1427 2542 infra
1453 2513 1620 2543 ecclesiam
1647 2513 1679 2543 S.
1706 2514 1756 2543 Io-

378 2562 427 2593 55.
486 2555 580 2584 “Est
609 2554 641 2583 in
674 2564 798 2584 carcere
830 2554 929 2590 locus,
960 2554 1043 2592 quod
1089 2554 1190 2593 sephi.
1224 2555 1262 2585 cf.
1291 2555 1429 2585 Nardini
1456 2555 1488 2585 di
1517 2555 1612 2586 Rom.
1640 2555 1758 2585 Antiea

378 2596 567 2626 Tullianum
605 2596 789 2634 appellatur
815 2619 822 2625 .
840 2619 846 2626 .
865 2619 872 2626 .
890 2618 896 2625 .
925 2595 1048 2625 circiter
1092 2596 1122 2625 ii.
1140 2606 1170 2635 p.
1188 2597 1258 2626 281.

379 2639 549 2668 duodecim
593 2638 692 2676 pedes
736 2637 825 2667 humi
871 2638 1046 2676 depressus.
1134 2648 1153 2677 9
1176 2639 1230 2667 Ad
1258 2649 1327 2668 eam
1360 2649 1426 2669 rem
1459 2639 1755 2676 consummandam]

381 2679 465 2708 Eum
493 2679 642 2709 muniunt
666 2679 808 2717 undique
833 2679 980 2717 parietes,
1002 2682 1047 2708 at-
1092 2680 1351 2718 Consti-mandam
1375 2681 1456 2718 plur.
1479 2680 1570 2710 codd.
1595 2680 1757 2710 exhibent.

380 2730 442 2757 que
465 2721 593 2759 insuper
616 2730 741 2751 camera
765 2721 900 2759 lapideis
923 2720 1047 2750 fornici-
1093 2724 1143 2750 An
1157 2721 1252 2750 huius
1263 2721 1333 2751 aevi
1348 2723 1476 2751 verbum
1491 2721 1530 2751 sit
1542 2732 1758 2752 consummare

381 2761 440 2790 bus
474 2762 599 2791 vincta:
639 2763 694 2791 sed
732 2763 867 2797 incultu,
898 2762 1048 2798 tenebris,
1092 2763 1219 2792 dubitat
1256 2763 1551 2799 Drakenborchhrs,
1581 2764 1635 2792 sed
1673 2772 1757 2801 supr.

383 2803 477 2831 odore
504 2803 597 2831 foeda
621 2807 717 2840 atque
741 2803 888 2832 terribilis
913 2804 980 2832 eius
1004 2804 1046 2833 fa-
1093 2804 1201 2833 xxviii.
1224 2811 1269 2842 17.
1286 2804 1317 2834 id
1335 2808 1521 2843 usurpatum
1539 2804 1703 2834 habemus.
