1877 3178
113 204 158 275 H:
176 203 216 275 {³21
237 209 308 283 {232

180 530 248 568 44.

121 813 232 843 Metus
244 813 309 843 Ro-

120 864 298 886 manorum.

320 107 401 145 392
826 100 974 142 TITI
1011 100 1190 142 LIVII

320 192 578 245 ciorumque,
601 190 715 245 quod
742 189 900 231 roboris
926 197 1026 238 erat,
1049 188 1218 244 delegit,
1241 203 1314 229 sex
1341 189 1471 229 millia
1496 190 1700 245 peditum,

321 247 434 288 mille
452 247 636 301 equites:
660 245 914 302 pronuntiat,
932 260 1134 300 occupare
1151 260 1193 285 se
1211 245 1255 285 in
1272 244 1454 286 Lucanis
1469 245 1702 299 proximam

322 304 469 344 urbem
490 303 784 357 Punicumque
806 302 850 341 in
871 316 919 341 ea
938 301 1190 356 praesidium
1211 301 1316 341 velle
1334 317 1344 349 3
1377 310 1424 341 ut
1449 301 1502 340 ad
1525 301 1604 341 iter
1630 316 1704 356 pa-

324 360 402 400 rati
424 374 568 400 omnes
589 367 736 399 essent.
798 358 1016 398 Profectus
1034 366 1159 398 'nocte
1179 358 1298 397 flexit
1318 358 1363 396 in
1384 357 1600 397 Picenum.

384 415 440 456 Et
470 416 613 456 consul
645 415 828 470 quidem,
855 415 1021 468 quantis
1054 414 1245 454 maximis
1276 413 1494 453 itineribus
1527 420 1703 467 poterat,

326 471 380 512 ad
414 472 614 526 collegam
648 472 837 519 ducebat,
869 470 1015 511 relicto
1050 470 1103 517 Q.
1126 470 1251 510 Catio
1283 469 1432 524 legato,
1463 469 1535 523 qui
1566 469 1707 508 castris

326 537 546 583 praeesset.
611 528 770 568 Romae
801 527 915 567 haud
945 527 1081 566 minus
1109 526 1274 566 terroris
1302 541 1349 566 ac
1379 524 1581 565 tumultus
1605 531 1704 572 erat,

328 599 453 638 quam
488 584 622 624 fuerat
656 583 836 624 triennio
872 591 980 632 ante,
1017 598 1149 638 quum
1188 590 1319 622 castra
1352 581 1514 621 Punica
1547 580 1741 623 obiecta9

330 640 532 681 Romanis
564 640 782 680 moenibus
815 640 1026 694 portisque
1057 639 1231 679 fuerant.
1295 637 1448 692 Neque
1480 637 1576 677 satis
1609 651 1708 676 con-

329 697 463 737 stabat
490 696 649 745 animis,
672 704 757 736 tam
785 696 922 736 audax
951 696 1029 735 iter
1055 695 1235 736 consulis
1262 694 1481 734 laudarent
1500 693 1710 747 vitupera-

329 761 489 793 rentne.
552 752 795 807 Apparebat
829 751 933 806 (quo
973 751 1079 792 nihil
1118 751 1302 805 iniquius
1342 750 1423 804 est)
1462 764 1516 789 ex
1555 756 1710 788 eventu

329 808 482 848 famam
521 808 773 848 habiturum.
837 813 848 831 ⁶
868 807 1015 848 Castra
1054 822 1182 862 prope
1225 805 1508 847 Hannibalem
1547 804 1709 845 hostem

333 869 344 887 ⁶
359 864 504 904 relicta
524 865 611 904 sine
634 864 739 904 duce
761 878 856 904 cum
878 864 1075 912 exercitu,
1098 864 1165 903 cui
1187 863 1421 903 detractum
1441 862 1547 902 foret
1572 875 1708 908 omne,

333 925 345 944 ⁶
361 920 475 975 quod
502 920 671 968 roboris,
694 920 808 974 quod
828 920 938 959 floris
958 919 1108 967 fuerit3
1142 926 1184 959 et
1211 918 1424 959 consulem
1447 918 1490 957 in
1517 917 1710 957 Lucanos

333 981 344 999 ⁶
360 976 589 1017 ostendisse
618 976 709 1023 iter,
733 990 862 1029 quum
884 975 1089 1015 Picenum
1111 983 1153 1015 et
1176 974 1357 1014 Galliam
1384 982 1556 1029 peteret,
1579 981 1711 1013 castra

333 1037 345 1055 ⁶
359 1032 667 1086 relinquentem
687 1031 802 1071 nulla
822 1031 902 1070 alia
920 1046 964 1071 re
986 1031 1151 1079 tutiora,
1170 1045 1296 1084 quam
1316 1045 1452 1070 errore
1474 1029 1614 1077 hostis,
1637 1028 1711 1083 qui

333 1093 345 1111 ⁶
361 1088 513 1127 ducem
552 1087 651 1127 inde
692 1095 817 1141 atque
858 1087 1065 1127 exercitus
1103 1095 1264 1141 partem
1304 1087 1443 1126 abesse
1489 1086 1708 1139 ignoraret.

334 1149 345 1167 ⁶
365 1143 483 1191 Quid
502 1143 702 1191 futurum,
724 1143 758 1182 si
779 1143 823 1183 id
842 1142 979 1197 palam
1000 1144 1105 1183 fiat?
1136 1150 1177 1183 et
1202 1150 1273 1182 aut
1295 1142 1460 1196 insequi
1482 1141 1711 1189 Neronem,

334 1205 458 1240 ‘cum
489 1214 561 1240 sex
592 1199 776 1239 millibus
812 1208 1062 1239 armatorum
1096 1198 1342 1254 profectum,
1375 1197 1589 1238 Hannibal
1623 1204 1712 1236 toto

335 1261 347 1279 ⁶
362 1256 549 1296 exercitu
575 1255 687 1304 velit,
719 1263 791 1295 aut
822 1264 954 1296 castra
985 1256 1195 1304 invadere,
1226 1254 1402 1310 praedae
1436 1253 1592 1302 relicta,
1623 1252 1712 1292 sine

335 1317 347 1335 ⁶
362 1312 528 1360 viribus,
550 1312 638 1352 sine
669 1312 857 1366 imperio,
879 1312 967 1352 sine
998 1312 1182 1367 auspicio
1198 1312 1233 1351 ?'
1292 1310 1468 1351 Veteres
1495 1309 1585 1350 eius
1614 1307 1713 1349 belli

334 1367 484 1416 clades,
521 1368 605 1408 duo
641 1367 830 1408 consules
865 1368 1056 1423 proximo
1092 1382 1202 1408 anno
1242 1366 1448 1407 interfecti
1489 1365 1711 1406 terrebant.

336 1429 347 1447 ⁶
366 1424 421 1463 Et
442 1439 489 1463 ea
510 1424 650 1463 omnia
670 1424 879 1472 accidisse,
902 1439 1033 1478 quum
1061 1438 1170 1464 unus
1197 1424 1435 1478 imperator,
1458 1436 1565 1462 unus
1593 1435 1714 1461 exer-

338 1480 469 1519 ‘citus
503 1480 685 1519 hostium
720 1480 764 1518 in
800 1478 922 1519 Italia
956 1488 1087 1520 esset:
1135 1494 1249 1519 nunc
1285 1479 1369 1519 duo
1408 1478 1517 1518 bella
1551 1477 1713 1518 Punica

336 1541 348 1559 ⁶
363 1535 481 1583 facta,
504 1535 607 1574 duos
638 1535 829 1588 ingentes
856 1536 1075 1583 exercitus,
1098 1535 1203 1574 duos
1230 1549 1359 1588 prope
1382 1534 1641 1573 Hannibales
1668 1533 1713 1572 in

337 1596 348 1615 ⁶
363 1590 485 1631 Italia
505 1605 603 1630 esse.
655 1589 823 1644 Quippe
846 1598 889 1629 et
906 1590 1225 1637 Hasdrubalem,
1242 1599 1356 1643 patre
1379 1589 1526 1629 eodem
1549 1588 1713 1629 Hamil-

338 1652 350 1671 ⁶
365 1661 457 1686 care
478 1646 679 1700 genitum,
697 1660 827 1699 aeque
849 1645 1074 1699 impigrum
1090 1645 1254 1693 ducem,
1272 1660 1346 1699 per
1366 1652 1427 1685 tot
1447 1645 1491 1684 in
1508 1644 1715 1700 Hispania

338 1708 495 1742 ‘annos
532 1701 724 1741 Romano
764 1701 1035 1740 exercitatum
1075 1700 1198 1748 bello,
1239 1701 1406 1754 gemina
1440 1701 1612 1740 victoria
1650 1701 1715 1740 in-

339 1759 539 1813 ‘signem,
572 1757 734 1796 duobus
766 1756 1013 1796 exercitibus
1046 1770 1141 1796 cum
1173 1756 1406 1796 clarissimis
1436 1755 1611 1796 ducibus
1641 1756 1715 1796 de-

339 1820 351 1839 ⁶
365 1814 468 1854 letis.
517 1812 630 1853 Nam
650 1812 809 1852 itineris
829 1812 1000 1867 quidem
1021 1812 1230 1852 celeritate
1252 1827 1304 1851 ex
1327 1811 1533 1866 Hispania
1553 1820 1595 1851 et
1615 1827 1716 1852 con-

340 1876 351 1894 ⁶
367 1870 500 1910 citatis
521 1869 573 1909 ad
594 1884 707 1909 arma
729 1868 901 1908 Gallicis
921 1868 1114 1923 gentibus
1134 1867 1265 1908 multo
1286 1868 1429 1922 magis,
1447 1882 1573 1922 quam
1596 1867 1716 1908 Han-

341 1931 352 1949 ⁶
367 1926 548 1966 nibalem
573 1926 722 1980 ipsum,
743 1924 908 1979 gloriari
935 1939 1066 1979 posse.
1132 1924 1300 1978 Quippe
1328 1924 1372 1964 in
1400 1924 1449 1963 iis
1476 1923 1575 1963 locis
1602 1923 1715 1964 hunc

342 1982 548 2037 ‘coegisse
577 1981 819 2029 exercitum,
842 1981 992 2035 quibus
1024 1980 1094 2020 ille
1123 1980 1321 2020 maiorem
1348 1987 1508 2034 partem
1536 1979 1716 2020 militum

342 2043 354 2061 ⁶
368 2037 475 2078 fame
497 2053 543 2078 ac
564 2037 728 2091 frigore,
752 2051 857 2091 quae
879 2036 1107 2076 miserrima
1134 2036 1276 2076 mortis
1302 2050 1457 2090 genera
1484 2043 1592 2084 sunt,
1614 2036 1716 2076 ami-

343 2099 354 2118 ⁶
370 2094 511 2134 sisset?
570 2093 841 2133 Adiiciebant
861 2093 985 2133 etiam
1006 2092 1129 2147 periti
1145 2106 1283 2132 rerum
1305 2091 1546 2147 Hispaniae,
1578 2097 1590 2115 ⁶
1603 2091 1717 2132 haud

342 2155 354 2173 ⁶
369 2164 465 2190 cum
492 2149 635 2204 ignoto
657 2149 762 2189 duce
791 2148 840 2189 C.
861 2148 1032 2189 Nerone
1054 2163 1370 2203 congressurum
1389 2164 1398 2188 :
1432 2148 1504 2188 sed
1525 2162 1650 2202 quem
1671 2148 1716 2188 in
1731 2163 1744 2183 1

341 2211 353 2229 ⁶
368 2205 476 2245 saltu
523 2205 724 2260 impedito
773 2205 1055 2259 deprehensus
1098 2205 1217 2252 forte,
1263 2204 1376 2244 haud
1424 2218 1541 2244 secus
1591 2218 1716 2258 quam

342 2267 354 2285 ‘
368 2276 557 2316 puerum,
580 2261 887 2301 conscribendis
906 2260 1118 2301 fallacibus
1145 2260 1453 2300 conditionibus
1479 2260 1591 2314 pacis
1611 2260 1716 2299 frus-

343 2324 354 2341 ⁶
371 2326 500 2358 tratus
525 2317 741 2358 elusisset.'
781 2316 935 2357 Omnia
959 2316 1115 2356 maiora
1135 2316 1259 2356 etiam
1280 2330 1377 2355 vero
1398 2315 1602 2371 praesidia
1621 2315 1716 2356 hos—
1730 2333 1746 2353 2

342 2374 459 2421 tium,
496 2373 656 2413 minora
691 2387 776 2421 sua,
814 2380 929 2412 metu
964 2372 1203 2428 interprete,
1240 2386 1402 2426 semper
1436 2371 1479 2411 in
1512 2371 1717 2412 deteriora

342 2429 554 2478 inclinato,
577 2429 796 2469 ducebant.

384 2548 404 2578 9
430 2539 579 2569 Triennio
594 2539 685 2576 ante]
721 2535 922 2574 Trienni0‚'si
943 2546 1007 2566 non
1096 2547 1109 2567 1
1134 2538 1197 2567 Sed
1210 2547 1301 2576 quem
1317 2537 1352 2566 in
1366 2536 1467 2573 saltu]
1495 2535 1547 2566 De
1567 2544 1605 2565 ea
1624 2545 1658 2565 re
1676 2535 1716 2566 cf.

343 2584 706 2609 numerentursextrema
716 2592 726 2617 3
743 2578 970 2618 quinquennio,
983 2578 1008 2608 si
1051 2588 1135 2617 supr.
1151 2578 1237 2608 xxvi.
1258 2585 1304 2616 17.

343 2630 452 2650 eorum
468 2621 547 2650 ratio
563 2622 728 2651 habeatur.
774 2621 949 2659 Vulgarem
966 2621 1008 2649 le·
1095 2629 1112 2649 2
1130 2620 1246 2649 Omnia
1260 2620 1399 2656 maiora]
1423 2617 1588 2656 Quicquid
1603 2616 1716 2647 virium

344 2662 481 2691 ctionem
513 2664 637 2693 hiennio
663 2662 775 2692 vitium
806 2662 912 2701 potius
941 2671 1007 2692 esse
1050 2661 1204 2691 haberent
1233 2661 1350 2697 hostes,
1376 2661 1534 2699 augebant
1564 2658 1717 2695 Romani,

344 2701 542 2733 librariorum
565 2704 664 2733 credit
684 2703 822 2734 Crevier.
840 2714 935 2742 quam
956 2703 1007 2733 Li·
1050 2706 1139 2732 metu
1161 2703 1332 2740 interprete
1349 2714 1357 2738 ;
1387 2701 1538 2740 quicquid
1563 2700 1715 2731 haberent

345 2742 386 2787 yii
412 2743 444 2788 in
469 2753 502 2773 re
527 2747 593 2774 tam
620 2746 706 2775 clara
730 2749 860 2784 tamque
889 2744 1007 2775 recenti
1052 2743 1123 2783 ipsi,
1138 2743 1335 2774 minuebant.
1359 2743 1463 2774 CREv.

345 2792 510 2814 incurlam.
