1877 3178
362 117 443 155 308
864 105 1009 148 TITI
1049 101 1224 144 LIVII

161 214 204 244 U.
221 213 258 244 C.
282 204 497 252 541.viores
526 199 946 256 temperantioresque
975 210 999 235 a
1027 192 1223 248 cupidine
1250 188 1425 244 imperii,
1447 194 1518 227 aut
1547 183 1734 226 multitu-

159 257 199 286 A.
223 256 260 287 C·
283 260 507 301 ²¹¹·dinem
539 258 684 299 melius
718 264 916 296 moratam
953 264 1144 293 censeam
1173 247 1263 288 fieri
1297 260 1426 301 posse.
1491 240 1734 284 Centuriam

367 332 462 358 vero
483 316 691 357 iuniorum
712 313 891 354 seniores
911 308 1123 351 consulere
1139 305 1328 352 voluisse,
1351 301 1500 357 quibus
1515 297 1735 354 imperium

368 373 561 429 suffragio
588 371 814 418 mandaret,
835 369 903 408 vix
928 376 975 407 ut
996 362 1211 406 verisimile
1243 361 1306 410 sit,
1328 366 1547 415 parentum
1568 368 1734 410 quoque

368 431 447 472 hoc
469 429 632 471 saeculo
654 427 743 468 vilis
764 426 946 480 levisque
969 422 1077 478 apud
1099 421 1248 461 liberos
1269 415 1487 458 auctoritas
1507 413 1615 453 fecit.

225 493 291 529 23.
425 486 637 529 Praetoria
664 484 760 524 inde
782 482 948 523 comitia
972 479 1121 520 habita.
1183 476 1229 516 P.
1250 473 1434 515 Manlius
1453 469 1598 518 Vulso,
1620 475 1662 508 et
1685 466 1735 507 L.

370 544 555 586 Manlius
572 542 788 589 Acidinus,
807 550 848 580 et
872 538 920 579 C.
938 536 1166 583 Laetorius,
1181 542 1223 574 et
1245 532 1293 572 L.
1312 529 1485 571 Cincius
1502 526 1739 567 Alimentus

370 601 495 642 creati
516 608 622 641 sunt.
684 598 805 638 Forte
826 597 883 636 ita
907 594 1065 641 incidit,
1088 601 1134 632 ut
1162 588 1337 631 comitiis
1357 584 1548 642 perfectis
1574 580 1740 622 nuntia-

370 667 496 707 retur,
519 658 569 698 T.
591 655 827 702 Otacilium,
843 667 967 707 quem
985 651 1034 691 T.
1055 648 1228 696 Manlio,
1243 646 1322 686 nisi
1342 641 1627 698 interpellatus
1640 637 1740 679 ordo

372 715 632 756 comitiorum
663 720 781 760 esset,
808 709 1007 764 collegam
1038 707 1249 747 absentem
1280 703 1450 742 daturus
1476 698 1599 739 fuisse
1626 694 1742 735 vide-

167 783 357 832 LudiAp013
370 773 491 813 batur
512 770 699 827 populus,
722 776 930 808 mortuum
952 766 995 805 in
1020 763 1158 804 Sicilia
1185 775 1283 801 esse.
1345 757 1457 799 Ludi
1480 753 1742 810 Apollinares

167 828 412 885 imarcsvotiet
443 828 577 885 priore
609 841 717 867 anno
752 825 926 871 fuerant,
958 830 1012 870 et,
1045 836 1094 861 eo
1127 833 1235 859 anno
1270 824 1317 857 ut
1346 816 1506 861 fierent,
1538 810 1741 851 referente

167 879 324 941 pliupnqrpe-
374 885 603 941 Calpurnio
643 889 844 938 praetore,
886 887 1051 920 senatus
1090 875 1284 922 decrevit,
1326 881 1372 912 ut
1412 872 1455 911 in
1495 875 1743 924 perpetuum

371 950 630 983 voverentur.
693 938 855 978 Eodem
885 951 994 976 anno
1024 932 1212 989 prodigia
1235 931 1393 985 aliquot
1421 928 1507 968 visa
1535 923 1744 965 nuntiata-

373 1015 454 1055 que
477 1007 583 1038 sunt.
644 996 695 1036 In
726 995 827 1035 aede
859 991 1116 1033 Concordiae
1138 988 1335 1035 Victoria,
1359 999 1464 1040 quae
1494 984 1537 1023 in
1563 980 1743 1022 culmine

374 1064 472 1104 erat,
498 1053 669 1095 fulmine
703 1053 783 1092 icta
813 1050 1079 1102 decussaque,
1106 1046 1157 1086 ad
1183 1044 1400 1090 Victorias,
1423 1055 1528 1096 quae
1558 1039 1602 1078 in
1630 1045 1776 1077 ante-8

374 1113 467 1152 fixis
497 1119 626 1159 erant,
654 1108 797 1156 haesit,
824 1120 959 1160 neque
995 1103 1092 1143 inde
1128 1101 1317 1158 procidit.
1379 1098 1435 1138 Et
1475 1094 1670 1150 Anagnia
1704 1101 1776 1141 et9

375 1168 572 1223 Fregellis
599 1166 836 1207 nuntiatum
859 1172 933 1211 est,
955 1175 1119 1201 murum
1144 1167 1365 1214 portasque
1386 1155 1438 1195 de
1459 1153 1573 1193 coelo
1594 1159 1742 1192 tactas:

376 1235 418 1267 et
457 1226 500 1266 in
540 1224 627 1265 soro
671 1222 902 1263 Subertano
942 1216 1152 1272 sanguinis
1191 1215 1298 1255 rivos
1342 1227 1417 1268 per
1456 1210 1567 1250 diem
1614 1216 1747 1248 totum

375 1283 555 1331 fluxisse,
603 1289 645 1321 et
695 1278 811 1319 Ereti
860 1276 1065 1332 lapidibus
1114 1272 1278 1329 pluisse,
1324 1279 1366 1311 et
1412 1268 1544 1309 Reate
1594 1264 1748 1305 mulam

376 1340 594 1396 peperisse.
657 1336 719 1377 Ea
749 1334 937 1391 prodigia
968 1331 1111 1372 hostiis
1143 1328 1364 1369 maioribus
1393 1333 1489 1366 sunt
1518 1330 1748 1379 procurata,

378 1406 419 1438 et
459 1394 684 1436 obsecratio
724 1393 768 1432 in
809 1406 939 1432 unum
979 1389 1090 1430 diem
1128 1385 1281 1443 populo
1316 1383 1483 1431 indicta,
1518 1388 1559 1421 et
1593 1393 1750 1419 noven-

172 1469 358 1500 Sacerdotes
378 1453 484 1493 diale
510 1466 680 1492 sacrum.
746 1448 987 1490 Sacerdotes
1015 1444 1170 1501 publici
1191 1443 1348 1497 aliquot
1375 1456 1423 1481 eo
1452 1453 1559 1479 anno
1587 1437 1751 1477 demor-

174 1511 281 1542 creati.
379 1510 440 1551 tui
471 1518 579 1557 sunt,
601 1507 780 1562 novique
809 1504 993 1545 suffecti:
1028 1503 1071 1542 in
1091 1502 1228 1542 locum
1251 1499 1323 1540 M'.
1348 1496 1517 1538 Aemilii
1540 1492 1750 1535 Numidae

379 1565 601 1607 decemviri
658 1577 864 1604 sacrorum
915 1560 976 1601 M.
1001 1558 1205 1600 Aemilius
1255 1555 1462 1611 Lepidus:
1521 1552 1564 1592 in
1612 1550 1750 1591 locum

382 1624 454 1664 M’.
470 1621 693 1676 Pomponii
716 1618 929 1660 Mathonis
950 1615 1156 1672 pontificis
1187 1614 1236 1655 C.
1257 1613 1422 1653 Livius:
1456 1610 1497 1650 in
1519 1609 1657 1649 locum
1681 1605 1750 1661 Sp.

385 1679 555 1721 Carvilii
573 1676 751 1718 Maximi
765 1675 928 1730 auguris
946 1673 1007 1714 M.
1027 1671 1231 1713 Servilius.
1293 1669 1342 1709 T.
1362 1666 1562 1709 Otacilius
1581 1664 1753 1705 Crassus

381 1736 569 1793 pontifex
591 1734 689 1790 quia
713 1741 856 1773 exacto
878 1746 986 1771 anno
1009 1736 1193 1769 mortuus
1214 1734 1312 1774 erat,
1335 1725 1429 1765 idco
1460 1721 1688 1763 nominatio
1708 1720 1752 1760 in

382 1795 518 1834 locum
541 1792 628 1833 eius
643 1805 727 1831 non
749 1798 811 1830 est
830 1789 947 1829 facta.
1012 1785 1060 1826 C.
1083 1784 1286 1826 Claudius
1301 1783 1453 1822 flamen
1475 1778 1620 1827 Dialis,
1639 1776 1752 1832 quod
1769 1796 1780 1816 1

383 1860 479 1892 exta
498 1863 713 1905 perperam
734 1846 916 1893 dederat,
938 1842 1121 1884 flaminio
1142 1841 1252 1881 abiit.

241 1919 306 1955 24,
440 1907 523 1948 Per
552 1906 663 1946 idem
694 1913 856 1958 tempus
887 1901 947 1941 M.
967 1899 1157 1940 Valerius
1188 1896 1408 1943 Laevinus,
1440 1892 1605 1934 tentatis
1641 1890 1753 1946 prius

384 1980 458 2020 per
487 1971 642 2003 secreta
671 1960 876 2015 colloquia
902 1957 1136 2013 principum
1164 1953 1323 2001 animis,
1346 1951 1398 1991 ad
1427 1949 1630 1990 indictum
1657 1955 1752 1987 ante

385 2021 437 2062 ad
468 2020 511 2060 id
541 2019 674 2074 ipsum
711 2016 933 2057 concilium
966 2013 1211 2053 Aetolorum
1242 2010 1367 2050 classe
1404 2006 1599 2062 expedita
1627 2004 1752 2044 venit.

388 2078 473 2118 Ubi
495 2091 624 2132 quum
642 2074 860 2130 Syracusas
879 2071 1151 2126 Capuamque
1166 2076 1339 2123 captam,
1355 2065 1398 2105 in
1412 2064 1537 2104 fidem
1554 2063 1596 2102 in
1616 2060 1756 2102 Sicilia
1769 2080 1786 2101 2

184 2145 305 2193 Valerii
386 2134 589 2188 Italiaque
607 2146 743 2172 rerum
757 2129 1042 2176 secundarum,
1058 2134 1312 2172 ostentasset,
1327 2121 1636 2174 adiecissetque,
1653 2117 1756 2157 ‘iam
1771 2133 1788 2163 3

183 2188 374 2261 ffatffll‘c'j‘pud
389 2197 400 2215 ⁶
415 2191 513 2231 inde
535 2206 559 2230 a
579 2188 801 2229 maioribus
822 2186 1018 2227 traditum
1041 2198 1196 2224 morem
1212 2179 1411 2221 Romanis
1432 2176 1595 2218 colendi
1615 2175 1756 2222 socios,

214 2242 230 2261 e
247 2241 264 2260 ⁰
300 2241 322 2261 s.
389 2254 401 2273 ‘
417 2264 468 2289 ex
482 2247 632 2303 quibus
652 2245 752 2285 alios
772 2245 815 2284 in
831 2243 1039 2284 civitatem
1060 2248 1184 2295 atque
1205 2251 1385 2293 aequum
1406 2249 1545 2276 secum
1561 2233 1623 2273 ius
1644 2246 1758 2272 acce-

430 2378 450 2408 8
475 2377 529 2407 Ad
556 2375 718 2411 Victorias,
740 2383 822 2414 quae
843 2373 879 2402 in
902 2371 1051 2410 antefioez's
1138 2378 1154 2398 ’.ι
1178 2369 1220 2398 In
1232 2367 1348 2407 fidem]
1375 2365 1423 2395 Ut
1444 2363 1539 2393 fidem
1562 2361 1689 2396 faceret,
1711 2369 1760 2389 res

388 2421 497 2457 erant]
537 2419 588 2448 Ad
619 2420 738 2447 statuas
768 2414 941 2450 Victoriae,
970 2422 1051 2451 quae
1095 2411 1249 2441 secundas
1265 2407 1420 2439 Romanis
1435 2406 1467 2435 111
1480 2404 1588 2436 Sicilia
1600 2402 1759 2440 Italiaque

390 2465 480 2492 erant
495 2461 576 2491 inter
591 2459 740 2489 antefixa.
774 2458 938 2495 Antffifra,
950 2454 1053 2493 inquit
1097 2463 1172 2483 esse.
1197 2452 1348 2482 GRONOV.

391 2504 516 2539 Festus,
533 2513 615 2543 quae
635 2512 674 2532 eoe
696 2511 788 2539 opere
803 2500 943 2538 fiyulino
966 2498 1054 2528 tectis
1145 2503 1161 2533 3
1190 2491 1440 2531 Adice-issetque]
1493 2486 1668 2527 Apodosim
1704 2485 1760 2515 ali-

391 2548 568 2584 (1ffi9untur
589 2545 645 2574 sul)
667 2543 834 2572 stillicidio.
880 2540 923 2570 Et
947 2549 1054 2569 conso·
1099 2547 1194 2576 quam
1211 2534 1379 2565 desiderari
1395 2535 1501 2562 censet
1519 2529 1668 2567 Raschig.
1697 2527 1761 2558 Sed

392 2592 447 2617 nat
463 2587 542 2616 illud
556 2586 637 2616 Livii
651 2585 757 2615 xxxiv.
766 2596 794 2622 4.
810 2583 962 2621 Antefioea
970 2581 1055 2620 ficti·
1100 2579 1124 2609 si
1140 2576 1431 2616 interpunctionem
1448 2578 1518 2612 post
1533 2582 1640 2603 eorum
1656 2570 1762 2606 tollas,

392 2630 436 2658 lia
452 2631 579 2659 deorum
595 2629 819 2657 Romanorum.
844 2626 949 2655 CREV.
1102 2621 1200 2651 oratio
1226 2619 1347 2658 optime
1374 2618 1420 2646 ita
1448 2613 1647 2646 cohaerebit:
1680 2615 1762 2650 post-

434 2680 452 2709 9
468 2669 638 2708 Anagmia]
657 2670 828 2707 Anayniae
838 2666 936 2697 edidit
947 2666 1057 2695 Aldus.
1102 2673 1198 2702 quam
1218 2661 1377 2691 adiecerat
1391 2659 1516 2689 Aetolos
1536 2666 1570 2687 eo
1592 2657 1626 2685 in
1645 2654 1762 2683 maiore

444 2721 454 2740 1
486 2713 575 2747 Quod
605 2716 677 2741 emta.
711 2720 881 2749 perperam
911 2707 1056 2743 dederat]
1103 2706 1218 2735 honore
1229 2705 1363 2741 futuros
1379 2705 1451 2737 etc.‚
1467 2700 1552 2729 dieta
1567 2697 1633 2727 eius
1645 2696 1763 2732 Scopas

395 2752 491 2787 Quod
514 2753 546 2782 in
566 2752 788 2781 distribuendis
806 2751 953 2780 victimae
974 2748 1054 2778 extis
1098 2751 1129 2777 et
1151 2744 1374 2784 Dorymachus
1393 2741 1581 2773 auctoritate
1606 2746 1663 2767 sua
1682 2736 1761 2765 affir-

393 2793 513 2831 aliquid
551 2798 745 2831 peccaverat.
775 2793 879 2823 CREv.
919 2792 958 2821 cf.
980 2790 1053 2820 Val.
1098 2790 1276 2823 maverunt,
1303 2796 1374 2824 spes
1396 2789 1503 2813 tamen
1524 2778 1697 2820 potiundae
1719 2777 1761 2806 A-

395 2836 484 2865 Max.
501 2834 518 2864 i.
540 2844 564 2864 1.
581 2846 609 2871 4.
1099 2829 1266 2859 carnaniae
1277 2827 1446 2858 concilium
1457 2823 1595 2853 maxime
1604 2820 1761 2849 movebat.
