1877 3178
394 109 476 148 466
901 104 1049 145 TITI
1090 103 1269 145 LIVII

191 201 235 232 U.
252 200 290 232 C
313 207 383 240 547·
397 210 533 237 arcem
555 202 684 244 erant,
700 194 895 243 sublatus,
911 195 1116 234 incertum
1138 194 1250 234 unde
1272 192 1500 242 accidisset,
1515 194 1655 234 omnia
1669 208 1775 234 vana

190 244 229 274 A.
253 243 291 274 0·
313 250 385 282 ²⁰5·
398 260 576 308 augente
612 260 817 293 nocturno
853 250 1048 299 tumultu,
1083 250 1257 291 fecisset.
1320 249 1469 304 Itaque
1504 249 1618 290 velut
1652 250 1776 305 plena

397 310 480 350 iam
510 309 693 350 hostium
724 323 815 348 arce
844 307 975 348 territi
995 307 1142 355 Poeni,
1166 307 1315 347 omisso
1340 306 1579 354 certamine,
1601 306 1645 346 in
1675 306 1777 346 alte-

399 381 487 406 ram
508 381 644 407 arcem
659 365 785 417 (duae
807 372 903 404 sunt
924 363 1037 403 haud
1058 363 1236 403 multum
1257 363 1366 402 inter
1386 377 1427 402 se
1445 361 1665 416 distantes)
1679 377 1777 402 con-

399 423 576 478 fugiunt.
641 421 855 477 Oppidani
883 421 1026 460 urbem
1055 420 1276 468 habebant,
1298 419 1521 459 victoribus
1548 419 1778 474 praemium

400 479 445 519 in
477 479 615 520 medio
645 479 831 533 positam.
896 476 962 516 Ex
999 476 1159 516 arcibus
1195 476 1354 516 duabus
1388 475 1554 530 proeliis
1590 474 1778 530 quotidie

400 535 560 576 levibus
591 535 833 576 certabatur.
902 533 953 580 Q.
970 533 1201 573 Pleminius
1224 532 1430 580 Romano,
1454 531 1669 572 Hamilcar
1692 531 1778 571 Pu-

400 593 496 632 nico
531 592 736 647 praesidio
770 598 983 646 praeerat:
1027 599 1278 629 arcessentes
1311 603 1364 628 ex
1398 588 1643 643 propinquis
1678 587 1778 627 locis

401 649 584 689 subsidia
607 648 745 703 copias
776 647 992 702 augebant.
1055 645 1149 700 Ipse
1171 654 1379 700 postremo
1400 645 1591 684 veniebat
1614 643 1780 684 Hanni-

401 705 490 746 bal:
524 721 601 746 nec
623 704 913 745 sustinuissent
936 702 1131 748 Romani,
1150 702 1228 741 nisi
1246 701 1518 741 Locrensium
1540 700 1777 748 multitudo,

403 762 648 803 exacerbata
669 761 861 815 superbia
882 768 1005 814 atque
1028 758 1198 798 avaritia
1218 758 1468 806 Poenorum,
1492 757 1545 797 ad
1568 757 1780 797 Romanos

402 818 650 859 inclinasset.

273 875 309 914 7.
463 875 648 930 Scipioni
680 882 724 914 ut
755 873 992 914 nuntiatum
1024 880 1097 920 est,
1120 871 1163 911 in
1194 870 1347 912 maiore
1376 870 1614 911 discrimine
1636 870 1782 911 Locris

402 947 489 972 rem
525 931 642 979 verti,
679 931 898 985 ipsumque
937 928 1218 968 Hannibalem
1254 928 1500 975 adventare3
1542 942 1595 967 ne
1629 927 1783 982 praesi-

402 988 519 1027 dium
544 988 669 1027 etiam
694 986 1009 1040 periclitaretur,
1031 985 1145 1024 haud
1168 984 1277 1024 facili
1303 984 1400 1023 inde
1427 991 1609 1038 receptu,
1632 991 1674 1023 et
1694 983 1781 1038 ipse

402 1059 427 1084 a
448 1044 655 1091 Messana,
680 1042 727 1082 L.
748 1041 941 1096 Scipione
962 1041 1085 1080 fratre
1108 1041 1151 1079 in
1172 1040 1377 1094 praesidio
1398 1040 1456 1079 ibi
1477 1040 1633 1088 relicto,
1652 1054 1781 1094 quum
1796 1049 1814 1078 8

401 1101 583 1156 primum
614 1107 729 1139 aestu
753 1098 904 1138 fretum
934 1097 1180 1137 inclinatum
1213 1104 1288 1144 est,
1314 1110 1439 1135 naves
1467 1095 1570 1135 mari
1597 1095 1815 1144 secundo9

403 1157 525 1197 misit.
589 1156 645 1196 Et
670 1154 896 1203 Hannibal,
929 1169 952 1193 a
984 1153 1161 1193 Butroto
1194 1152 1306 1192 amni
1334 1152 1467 1207 (haud
1494 1151 1634 1207 procul
1668 1152 1702 1192 is
1732 1153 1782 1192 ab

404 1215 504 1254 urbe
542 1212 686 1253 Locris
722 1211 856 1265 abest)
891 1210 1039 1250 nuntio
1075 1209 1311 1264 praemisso,
1346 1216 1392 1248 ut
1425 1209 1488 1248 sui
1523 1208 1615 1248 luce
1651 1209 1784 1263 prima

404 1284 565 1311 summa
587 1269 625 1309 vi
655 1268 860 1323 proelium
882 1282 977 1307 cum
1000 1266 1202 1306 Romanis
1224 1281 1270 1305 ac
1293 1265 1572 1305 Locrensibus
1593 1279 1784 1305 consere-

404 1336 510 1375 rent,
528 1326 628 1366 dum
651 1326 750 1380 ipse,
768 1324 918 1364 aversis
940 1323 1132 1363 omnibus
1154 1323 1197 1362 in
1219 1337 1315 1362 eum
1338 1321 1575 1370 tumultum,
1594 1322 1644 1362 ab
1667 1330 1783 1376 tergo

404 1384 551 1424 urbem
586 1383 794 1422 incautam
828 1380 1134 1436 aggrederetur,
1167 1379 1239 1418 ubi
1270 1378 1361 1418 luce
1399 1388 1589 1433 coeptam
1625 1378 1784 1418 invenit

404 1455 601 1496 pugnam,
616 1454 703 1494 lpse
725 1453 803 1478 nec
824 1438 867 1477 in
890 1452 1025 1477 arcem
1046 1451 1088 1476 se
1111 1435 1336 1484 includere,
1352 1435 1471 1475 turba
1491 1434 1629 1474 locum
1650 1442 1784 1475 artum

406 1497 694 1553 impediturus,
717 1495 871 1543 voluit,
899 1509 1037 1549 neque
1059 1492 1198 1541 scalas,
1222 1492 1373 1546 quibus
1394 1491 1611 1531 scanderet
1631 1505 1782 1539 muros,

405 1553 609 1594 attulerat.
675 1552 855 1593 Sarcinis
881 1551 924 1590 in
949 1564 1140 1590 acervum
1169 1549 1379 1597 coniectis,
1403 1563 1533 1602 quum
1557 1547 1671 1588 haud
1690 1562 1785 1602 pro-

406 1610 474 1650 cul
509 1610 636 1648 muris
676 1609 729 1648 ad
770 1617 967 1648 terrorem
1009 1606 1191 1646 hostium
1226 1605 1357 1645 aciem
1394 1604 1653 1653 ostendisset,
1690 1619 1785 1644 cum

407 1665 618 1720 equitibus
651 1664 849 1703 Numidis
889 1662 1261 1717 circumequitabat
1300 1662 1458 1709 urbem,
1500 1661 1600 1701 dum
1640 1660 1785 1708 scalae,

408 1735 599 1777 quaeque
630 1720 709 1760 alia
744 1720 796 1759 ad
827 1719 1157 1774 oppugnandum
1197 1732 1300 1772 opus
1333 1726 1461 1766 erant,
1491 1725 1700 1772 parantur,
1734 1717 1788 1757 ad

407 1777 639 1825 visendum,
659 1791 741 1831 qua
761 1776 940 1815 maxime
962 1783 1077 1829 parte
1100 1773 1404 1828 aggrederetur.
1467 1773 1714 1827 Progressus
1735 1773 1788 1813 ad

408 1848 587 1881 murum,
602 1832 817 1887 scorpione
839 1831 934 1879 icto,
950 1831 1022 1885 qui
1043 1830 1256 1885 proximus
1273 1844 1368 1869 eum
1384 1830 1487 1869 forte
1509 1838 1690 1878 steterat,
1706 1837 1788 1870 ter·
1804 1842 1816 1862 1

409 1891 512 1930 ritus
542 1888 640 1928 inde
672 1896 757 1928 tam
786 1887 1018 1942 periculoso
1040 1901 1147 1934 casu,
1170 1886 1355 1940 receptui
1377 1900 1524 1926 canere
1547 1900 1677 1940 quum
1705 1886 1788 1926 ius-

408 1947 538 1994 sisset,
561 1952 693 1985 castra
722 1943 866 1998 procul
896 1944 946 1983 ab
976 1943 1061 1982 ictu
1093 1942 1165 1981 teli
1195 1942 1451 1982 communiit.
1517 1941 1671 1982 Classis
1701 1942 1788 1982 Ro-

410 2016 533 2042 mana
562 2016 586 2041 a
616 2000 813 2040 Messana
838 1999 1006 2047 Locros,
1029 1998 1187 2052 aliquot
1216 1997 1327 2037 horis
1358 1998 1425 2038 die
1457 2006 1690 2052 superante,
1722 2013 1789 2039 ac-

410 2058 553 2098 cessit:
592 2056 769 2111 expositi
806 2070 949 2096 omnes
985 2070 1007 2095 e
1040 2054 1227 2102 navibus,
1265 2063 1306 2094 et
1341 2063 1436 2094 ante
1469 2069 1659 2094 occasum
1694 2055 1789 2095 solis

410 2115 556 2155 urbem
585 2113 757 2168 ingressi
785 2120 892 2152 sunt.
955 2111 1127 2151 Postero
1149 2110 1216 2150 die
1237 2119 1385 2166 coepta
1405 2125 1457 2150 ex
1479 2125 1570 2151 arce
1592 2126 1616 2150 a
1635 2111 1789 2152 Poenis

409 2185 573 2226 pugna:
607 2178 649 2209 et
675 2168 901 2217 Hannibal,
931 2168 1013 2208 iam
1046 2166 1164 2207 scalis
1199 2166 1370 2221 aliisque
1407 2167 1599 2207 omnibus
1631 2167 1684 2207 ad
1716 2182 1790 2222 op-

410 2226 710 2283 pugnationem
727 2225 891 2279 paratis,
910 2224 1073 2264 subibat
1090 2237 1249 2263 muros:
1284 2237 1414 2278 quum
1430 2231 1602 2278 repente
1618 2223 1662 2264 in
1678 2239 1788 2273 eum,

411 2352 450 2383 iis
473 2353 628 2389 sublatus,
651 2350 705 2390 qui
730 2354 821 2381 extra
847 2360 951 2381 arcem
979 2354 1079 2386 erant,
1123 2359 1228 2389 aquae
1248 2353 1337 2380 aestu
1362 2350 1497 2389 propelli
1520 2350 1553 2380 in
1574 2360 1644 2380 eam
1666 2354 1789 2389 partem

411 2394 538 2424 fecisset
560 2394 716 2423 incertum
742 2393 870 2429 Poenis,
890 2393 976 2422 unde
998 2392 1079 2421 acci·
1128 2394 1260 2429 coeptae
1286 2397 1370 2429 sunt,
1394 2402 1500 2422 versus
1525 2402 1621 2430 quam
1647 2392 1789 2431 Scipioni

412 2436 532 2472 disset3
562 2435 754 2465 cohibuisset
780 2434 906 2464 Poenos
933 2434 1080 2470 incertos,

411 2481 518 2507 utrum
535 2477 574 2507 ab
591 2487 674 2513 arce,
687 2486 727 2505 an
743 2477 783 2505 ab
797 2476 908 2505 vicinis
925 2476 988 2505 arci
1003 2476 1080 2504 locis

411 2519 588 2555 accidisset,
604 2522 759 2547 nocturno
779 2518 921 2547 tumultu
941 2520 1077 2556 augente

412 2561 531 2597 omnia,
562 2560 658 2589 etiam
690 2569 779 2589 vana.
829 2559 983 2589 Similiter
1008 2559 1072 2587 fere

412 2602 538 2631 locutus
568 2605 615 2630 est
645 2601 765 2637 Livius,
790 2600 858 2630 infr.
883 2601 937 2630 xli.
964 2610 990 2630 2.
1035 2602 1081 2629 Et

411 2644 610 2673 concursatio
640 2644 675 2672 in
709 2644 838 2672 obscuro
872 2643 1079 2671 incidentium

411 2686 548 2714 aliorum
566 2686 601 2713 in
620 2686 699 2714 alios
717 2685 873 2714 incertum
882 2685 1020 2720 fecerat,
1035 2694 1079 2713 an

412 2725 508 2755 hostis
523 2727 611 2755 intra
627 2726 746 2755 vallum
763 2730 849 2755 esset.
874 2726 980 2756 CREV.

456 2767 474 2794 8
499 2768 603 2802 Quum
620 2769 761 2805 primum
781 2771 871 2797 aestu
884 2767 1009 2804 fretum
1029 2767 1076 2796 in-

414 2806 566 2836 clinatum
596 2809 657 2845 est]
696 2808 807 2842 Quum
839 2808 978 2846 primum
1008 2807 1078 2838 freti

1125 2432 1341 2471 navigandum
1358 2437 1434 2464 erat.
1458 2434 1564 2464 CREv.

1168 2485 1187 2515 9
1209 2477 1318 2505 [Vaces
1338 2477 1420 2504 mari
1440 2476 1576 2505 secundo
1595 2477 1695 2513 misit]
1722 2474 1788 2505 Na-

1126 2527 1178 2547 ves
1203 2517 1347 2546 ferendas
1371 2517 1513 2555 permisit
1537 2517 1616 2546 mari
1639 2517 1789 2553 secundo,

1124 2559 1156 2588 id
1178 2562 1236 2595 est,
1252 2558 1353 2587 motui
1374 2559 1468 2587 maris
1488 2559 1700 2589 obsecutura&
1745 2558 1789 2587 Et

1124 2600 1351 2638 intelligendus
1367 2603 1413 2629 est
1429 2600 1496 2638 ipse
1513 2600 1620 2639 Scipio
1637 2600 1686 2629 his
1701 2599 1787 2629 navi-

1125 2643 1183 2671 bus
1210 2645 1318 2671 vectus
1342 2642 1447 2677 fuisse,
1476 2645 1511 2670 ut
1538 2645 1661 2671 constat
1686 2651 1726 2671 ex
1749 2641 1788 2670 iis

1124 2694 1205 2722 quae
1221 2686 1404 2721 sequuntur.
1429 2684 1534 2713 CREV.

1168 2735 1180 2755 1
1206 2726 1378 2763 Scorpione
1402 2726 1471 2761 icto,
1497 2726 1554 2764 qui
1577 2747 1584 2755 .
1601 2747 1608 2755 .
1626 2747 1632 2754 .
1650 2747 1657 2754 .
1678 2724 1783 2762 forte]

1125 2766 1237 2801 Quum
1260 2766 1287 2795 is
1310 2766 1364 2804 qui
1387 2766 1467 2796 forte
1490 2765 1653 2804 proximus
1675 2765 1703 2795 ei
1727 2768 1786 2796 ste-

1123 2812 1216 2844 terat,
1232 2807 1397 2847 scorpione
1413 2807 1495 2838 ictus
1510 2810 1600 2838 esset.
1624 2807 1729 2838 Cnssv.
