1877 3178
403 103 486 141 500
909 96 1056 138 T1T1
1092 96 1271 138 LIVII

199 198 244 230 U.
260 198 298 229 C.
321 197 392 237 548·
405 189 558 231 deinde
579 189 848 238 coloniarum,
870 188 1005 244 (quod
1025 203 1240 243 nunquam
1268 196 1390 230 antea
1409 189 1564 230 factum
1585 189 1691 245 erat)
1711 189 1785 231 de-

198 241 238 272 A·
263 241 300 272 C·
322 250 394 278 ²04·
406 247 634 288 ferentibus
668 247 848 302 ipsarum
885 245 1140 285 coloniarum
1176 246 1427 295 censoribus,
1461 261 1632 287 censum
1668 262 1785 287 acce-

201 480 374 510 Certamen

200 525 348 551 notarum

198 563 283 592 inter
298 574 369 594 cen-

200 615 292 635 soreS.

406 312 583 360 perunt:
616 312 676 352 ut,
708 311 912 359 quantum
942 317 1116 342 numero
1147 301 1340 350 militum,
1373 312 1576 357 quantum
1607 303 1786 358 pecunia

407 361 604 409 valerent,
627 361 669 400 in
698 359 874 415 publicis
902 358 1051 399 tabulis
1079 367 1350 399 monumenta
1370 368 1590 400 exstarent.
1653 359 1786 415 Equi-

408 426 497 458 tum
519 417 671 458 deinde
694 431 840 457 census
861 416 926 471 agi
948 423 1119 470 coeptus
1140 424 1226 456 est:
1261 423 1303 455 et
1328 416 1449 456 ambo
1470 416 1573 456 forte
1596 431 1786 457 censores

409 490 563 530 equum
604 474 817 530 publicum
857 472 1078 513 habebant.
1143 472 1288 520 Quum
1327 472 1380 513 ad
1421 473 1573 513 tribum
1610 473 1786 513 Polliam

408 540 580 572 ventum
608 539 683 579 est,
705 531 749 570 in
777 545 860 584 qua
888 529 950 570 M.
974 529 1084 569 Livii
1112 544 1266 569 nomen
1294 537 1392 578 erat,
1416 538 1457 570 et
1484 545 1633 585 praeco
1660 544 1787 570 cunc-

410 597 567 629 taretur
598 588 723 628 citare
754 587 890 642 ipsum
918 600 1158 633 censorem3
1194 591 1204 608 ‘
1224 585 1346 634 Cita‚’
1366 586 1504 641 inquit
1530 585 1658 635 Nero,
1697 585 1784 626 ‘M.

413 644 655 685 ‘Liviumz'
696 652 750 692 et,
787 644 871 683 sive
907 658 959 683 ex
995 642 1160 683 residua
1194 651 1236 682 et
1270 651 1408 683 vetere
1444 642 1666 691 simultate,
1703 643 1787 683 sive

411 701 701 756 intempestiva
721 700 941 740 iactatione
963 699 1189 740 severitatis
1210 699 1388 748 inflatus,
1412 699 1473 739 M.
1490 700 1672 749 Livium,
1690 699 1789 754 quia

410 758 555 814 populi
576 757 730 798 iudicio
752 765 858 797 esset
879 757 1110 804 damnatus,
1129 770 1283 810 equum
1302 756 1482 796 vendere
1504 756 1632 796 iussit.
1679 755 1787 796 Item
1802 772 1818 792 2

412 815 473 856 M.
493 815 651 863 Livius,
674 828 804 869 quum
826 813 879 853 ad
899 813 1052 853 tribum
1075 813 1325 853 Arniensem
1355 822 1395 853 et
1423 828 1576 853 nomen
1605 812 1788 867 collegae

410 879 582 913 ventum
616 879 688 919 est,
719 870 899 910 vendere
933 884 1087 924 equum
1125 870 1172 910 C.
1195 868 1420 909 Claudium
1453 869 1582 918 iussit,
1613 870 1788 910 duarum

410 943 548 968 rerum
574 942 720 967 causa:
754 926 890 974 unius,
914 926 1028 980 quod
1049 926 1195 965 falsum
1223 925 1416 966 adversus
1440 941 1482 966 se
1505 926 1788 967 testimonium

410 984 608 1032 dixisset3
641 983 819 1030 alterius,
842 982 956 1036 quod
981 996 1067 1021 non
1092 982 1252 1022 sincera
1272 982 1353 1022 fide
1375 998 1514 1023 secum
1544 983 1587 1023 in
1614 983 1789 1039 gratiam

410 1041 595 1081 redisset.
658 1039 805 1095 Itaque
837 1039 895 1079 ibi
921 1038 1090 1079 foedum
1122 1047 1331 1079 certamen
1362 1039 1610 1094 inquinandi
1637 1040 1821 1080 famam3

410 1097 591 1145 alterius,
614 1111 709 1136 cum
740 1110 837 1136 suae
865 1096 997 1135 famae
1027 1095 1193 1144 damno,
1214 1095 1369 1136 factum
1399 1105 1470 1136 est.
1534 1095 1665 1136 Exitu
1692 1111 1790 1137 cen-

410 1169 528 1194 surae
554 1168 683 1208 quum
715 1153 759 1192 in
790 1152 901 1208 leges
931 1152 1104 1192 iurasset
1135 1151 1185 1192 C.
1207 1151 1423 1201 Claudius,
1446 1160 1489 1193 et
1515 1152 1558 1192 in
1587 1153 1822 1193 aerarium4

411 1210 676 1258 escendisset,
699 1209 809 1250 inter
828 1209 999 1250 nomina
1019 1223 1175 1258 eorum,
1195 1224 1298 1264 quos
1320 1209 1494 1249 aerarios
1515 1208 1788 1265 relinquebat,
1803 1225 1820 1254 5

411 1268 529 1308 dedit
569 1267 750 1322 collegae
790 1281 957 1306 nomen.
1021 1265 1188 1306 Deinde
1230 1265 1293 1307 M.
1319 1265 1462 1306 Livius
1502 1266 1545 1306 in
1586 1267 1790 1307 aerarium

411 1325 538 1373 venit,
568 1332 621 1372 et,
648 1332 812 1379 praeter
840 1322 1048 1363 Maeciam
1084 1323 1249 1371 tribum,
1273 1338 1379 1377 quae
1412 1338 1454 1363 se
1484 1337 1562 1363 nec
1592 1323 1790 1364 condem-

411 1390 560 1430 nasset,
595 1396 732 1435 neque
767 1380 1092 1420 condemnatum
1125 1388 1197 1419 aut
1229 1379 1440 1420 consulem
1474 1388 1545 1419 aut
1576 1394 1789 1420 censorem

411 1438 585 1486 fecisset,
615 1437 816 1492 populum
847 1437 1085 1477 Romanum
1117 1450 1297 1484 omnem,
1324 1445 1520 1491 quattuor
1549 1446 1592 1477 et
1621 1437 1791 1492 triginta

412 1495 554 1543 tribus,
577 1494 752 1534 aerarios
782 1493 976 1548 reliquit:
1010 1492 1124 1548 quod
1154 1501 1196 1534 et
1226 1493 1492 1533 innocentem
1522 1508 1564 1533 se
1592 1493 1791 1534 condem-

411 1560 589 1599 nassent,
613 1560 655 1591 et
679 1551 1003 1591 condemnatum
1029 1549 1242 1590 consulem
1268 1558 1309 1590 et
1334 1565 1546 1590 censorem
1568 1550 1786 1590 fecissent:

411 1623 548 1662 neque
578 1607 746 1647 infitiari
774 1615 954 1662 possent,
978 1615 1049 1647 aut
1076 1606 1232 1647 iudicio
1263 1606 1402 1655 semel,
1425 1617 1496 1647 aut
1523 1607 1701 1647 comitiis
1728 1607 1790 1647 bis

410 1665 461 1704 ab
483 1678 525 1703 se
550 1672 768 1718 peccatum
797 1678 896 1703 esse.
960 1663 1075 1702 Inter
1099 1671 1296 1717 quattuor
1323 1672 1364 1703 ct
1395 1663 1564 1717 triginta
1590 1663 1720 1703 tribus
1748 1671 1791 1703 et

411 1720 463 1760 C.
488 1719 713 1759 Claudium
742 1719 942 1758 aerarium
969 1719 1068 1758 fore.
1134 1719 1261 1765 Quod
1288 1720 1321 1758 si
1349 1719 1588 1774 exemplum
1619 1719 1790 1760 haberet

410 1777 474 1817 bis
495 1775 675 1817 cundem
698 1775 900 1815 aerarium
922 1774 1200 1828 relinquendi,
1226 1776 1274 1814 C.
1296 1774 1522 1815 Claudium
1543 1775 1787 1816 nominatim

411 1848 453 1873 sc
475 1833 584 1873 inter
607 1832 782 1872 aerarios
806 1831 928 1871 fuisse
954 1830 1207 1871 relicturum.
1270 1831 1449 1871 Pravum
1478 1840 1687 1872 certamen
1714 1837 1822 1873 no-6

412 1898 546 1930 tarum
574 1889 683 1929 inter
703 1902 918 1928 censores:
952 1887 1165 1941 castigatio
1193 1887 1492 1928 inconstantiae
1521 1887 1665 1943 populi
1692 1903 1790 1929 cen-

411 1947 530 1994 soria,
568 1953 610 1985 et
641 1945 840 2000 gravitate
877 1952 1110 1998 temporum
1148 1943 1311 1983 illorum
1347 1944 1484 1999 digna.
1547 1944 1598 1984 In
1633 1945 1790 1985 invidia

411 2017 601 2043 censores
632 2016 763 2056 quum
799 2008 948 2048 essent,
981 1999 1194 2040 crescendi
1229 2015 1281 2040 ex
1314 2000 1378 2040 his
1410 2009 1521 2041 ratus
1554 2014 1641 2041 esse
1672 2016 1790 2042 occa-

411 2060 570 2099 sionem
615 2058 694 2098 Cn.
720 2057 901 2098 Baebius
941 2056 1131 2097 tribunus
1172 2056 1303 2111 plebis
1343 2057 1454 2097 diem
1495 2057 1548 2098 ad
1587 2058 1789 2113 populum

411 2116 577 2170 utrique
608 2114 725 2155 dixit.
789 2114 852 2154 Ea
883 2128 947 2154 res
979 2128 1180 2154 consensu
1214 2113 1387 2154 Patrum
1419 2113 1601 2154 discussa
1630 2123 1704 2164 est,
1735 2130 1788 2156 ne

410 2180 554 2227 postea
574 2171 754 2212 obnoxia
774 2170 965 2226 populari
986 2185 1109 2210 aurae
1131 2184 1304 2210 censura
1325 2179 1442 2210 esset.
1803 2183 1821 2215 7

453 2280 469 2300 2
493 2272 622 2310 Equum
639 2271 791 2307 vendere]
819 2269 948 2308 Equum
973 2269 1075 2308 publi·
1120 2270 1162 2299 ad
1193 2269 1393 2300 Traianum:
1432 2272 1592 2301 Abiturus
1620 2273 1788 2302 consulatu

410 2322 495 2348 cum,
507 2314 549 2342 ad
561 2323 655 2352 quein
673 2312 844 2342 emendum
860 2312 1077 2350 alendumque

410 2355 547 2393 pecunia
576 2365 593 2385 e
624 2354 753 2393 publico
784 2354 1005 2392 praebebatur.
1036 2354 1076 2383 cf.

410 2407 494 2436 supr.
512 2397 530 2427 i.
548 2407 576 2437 9.
600 2397 734 2426 Niebhr.
751 2395 770 2425 i.
788 2406 818 2426 n.
839 2394 927 2425 1016.

455 2449 471 2477 3
495 2441 609 2478 Itaque
625 2440 685 2475 ibi]
711 2439 821 2477 Aeque
838 2447 877 2466 ex
894 2437 1077 2467 coniectura

410 2480 552 2511 Gronov.
568 2480 710 2518 reposuit
727 2479 865 2509 Bekker.

452 2534 471 2560 4
496 2525 599 2559 Quum
625 2524 659 2551 in
681 2523 762 2560 leyes
784 2522 938 2558 iurasset]
975 2520 1076 2559 Magi-

409 2568 542 2594 stratum
557 2563 791 2602 deponentibus
802 2563 904 2593 iurare
917 2573 986 2592 mos
998 2567 1074 2593 erat.

411 2606 608 2645 Exemplum
633 2605 755 2644 insigne
778 2605 876 2635 habes
899 2605 985 2643 apud
1006 2605 1075 2635 Cic.

411 2648 473 2686 Ep.
485 2649 525 2677 ad
541 2648 664 2677 Divers.
679 2658 707 2678 v.
725 2657 752 2677 2.
782 2646 953 2685 Colligitur
967 2651 1075 2676 autem

410 2699 449 2718 ex
468 2689 565 2719 Plinii
583 2689 779 2728 Panegyrico
801 2689 883 2718 hanc
903 2688 998 2718 fuisse
1019 2688 1076 2718 hu-

410 2729 459 2759 ius
474 2731 673 2760 iurisiurandi
689 2731 872 2767 formulam,
887 2734 922 2760 ut
937 2730 1077 2760 iurarent

411 2771 444 2807 ii,
470 2772 523 2809 qui
553 2772 683 2801 abibant
713 2772 909 2811 magistratu,
932 2782 965 2801 se
994 2772 1073 2801 nihil

411 2816 521 2842 contra
551 2813 635 2848 leges
660 2814 781 2844 fecisse.
827 2814 878 2843 Sic
906 2814 990 2842 enim
1021 2813 1076 2843 ille

1121 2312 1238 2342 iurasti
1265 2317 1294 2343 te
1317 2313 1402 2342 oziliil
1425 2317 1535 2343 contra
1561 2314 1643 2351 leyes
1659 2314 1787 2351 fecisse.

1124 2354 1203 2384 Ideo
1219 2354 1408 2384 dicebantur
1422 2356 1533 2385 iurare
1549 2355 1585 2384 in
1600 2357 1690 2394 leyes.
1715 2356 1775 2386 CR.

1164 2404 1180 2434 5
1206 2398 1290 2432 Quos
1319 2398 1461 2427 aerarios
1490 2398 1706 2437 relinquebat]
1748 2398 1786 2428 cf.

1121 2438 1214 2476 Supr.
1231 2438 1271 2468 iv.
1289 2448 1337 2476 24.

1163 2479 1183 2510 6
1206 2481 1352 2510 Pravum
1378 2484 1538 2511 certamen
1563 2484 1712 2511 notarum
1738 2482 1786 2511 in-

1121 2526 1169 2551 ter
1197 2524 1355 2560 censores]
1391 2523 1531 2552 Pravum
1557 2522 1666 2552 haberi
1692 2524 1787 2553 debet

1120 2566 1282 2593 certamen
1302 2564 1384 2593 illud
1400 2574 1564 2594 censorum
1586 2574 1652 2594 sese
1673 2569 1786 2594 mutuo

1120 2605 1311 2635 notantium.
1356 2606 1400 2635 At
1422 2606 1586 2644 castigatio
1606 2606 1785 2636 inconstan-

1120 2647 1183 2676 tiae
1200 2647 1311 2686 popnli
1328 2657 1490 2677 censorem
1506 2648 1649 2678 decebat.
1671 2649 1775 2678 Cnnv.

1165 2696 1181 2727 7
1205 2690 1363 2728 Populari
1389 2690 1507 2727 aurae]
1543 2689 1680 2720 Levitati
1704 2690 1784 2719 mul-

1120 2729 1277 2767 titudinis,
1293 2741 1374 2769 quae
1392 2741 1456 2761 non
1477 2731 1582 2761 minus
1597 2731 1723 2761 mobilis
1737 2734 1784 2761 est

1120 2782 1215 2810 quam
1232 2783 1318 2803 aura.
1342 2774 1446 2804 CREV.
