1809 3178
516 113 637 155 LIB.
673 112 798 154 XXI.
846 113 991 155 CAP.
1026 119 1063 156 5.
1453 118 1475 153 Γ)

91 203 229 244 labore
248 211 319 243 aut
336 219 484 258 corpus
498 204 670 256 fatigari,
687 213 755 243 aut
773 203 935 242 animus
950 203 1057 243 vinci
1077 210 1248 257 poterat.
1315 202 1476 241 (Jaloris

90 276 137 301 ac
158 260 320 315 trigoris
348 261 548 315 patientia
578 275 673 315 par:
714 260 793 299 cibi
827 260 1091 314 potionisque
1118 258 1325 298 desiderio
1358 269 1476 299 natu-

91 317 177 366 rali,
210 333 293 356 non
334 317 556 372 voluptate,
589 317 738 356 modus
776 317 938 357 linitus:
982 316 1213 371 vigiliarum
1256 316 1474 369 somnique

90 389 168 415 nce
190 374 271 420 (lie,
296 390 371 415 nec
395 383 514 414 nocte
545 373 825 413 discriminata
849 383 1045 429 tempora.
1110 373 1171 419 ld,
1195 372 1307 427 quod
1330 387 1477 423 {geren-

90 431 153 471 dis
175 432 296 471 rebus
323 440 567 485 superesset,
591 431 719 485 quieti
751 431 918 470 datum:
953 446 1002 471 ea
1031 445 1168 484 neque
1193 429 1303 469 molli
1337 437 1475 475 strato,

90 503 228 543 neque.
250 487 415 528 silentio
437 488 638 528 arcessita.
703 487 830 527 Multi
853 502 975 542 saepe
1007 487 1172 526 militari
1195 486 1336 541 sagulo
1359 500 1478 540 oper-

91 554 193 593 tum,
217 544 332 584 humi
363 545 565 585 iacentem
599 545 706 585 inter
736 544 944 584 custodias
971 544 1252 597 stationesque
1283 542 1476 591 militum,

90 610 407 657 conspexerunt.
484 601 670 641 Vestitus
707 601 809 641 nihil
855 601 963 641 inter
1007 600 1201 655 aequales
1241 599 1473 640 excellens:

62 674 203 699 1arma
233 667 357 713 atque
395 659 493 713 equi
528 659 900 713 conspicielmntur.
965 657 1169 712 Equitum
1200 657 1475 711 peditumque

89 715 201 756 idem
229 715 349 769 longe
372 716 529 770 primus
555 725 652 755 erat.
716 715 917 770 Princeps
940 715 982 754 in
1007 714 1213 770 proelium
1240 714 1345 753 ibat:
1381 713 1477 753 ulti-

90 788 181 813 mus
209 781 400 813 conserto
431 772 589 827 proelio
618 772 858 812 excedebat.
923 771 1011 811 Has
1044 780 1177 811 tantas
1199 771 1273 810 viri
1303 770 1476 810 virtutes

59 845 75 866 2
90 829 276 885 ingentia
288 829 387 869 vitia
407 830 665 883 aequabant3
701 829 928 869 inhumana
944 828 1178 876 erudelitas,
1197 827 1371 882 persidia
1384 827 1476 882 plus

89 902 213 942 quam
247 886 419 935 Punica,
448 886 551 926 nihil
583 887 680 934 veri,
704 886 808 926 nihil
833 885 977 933 sancti,
1001 885 1139 925 nullus
1169 885 1295 924 (lcum
1329 893 1474 933 metus,

88 943 251 984 nullum
274 943 574 992 iusiurandum,
598 943 711 983 nulla
731 943 887 997 religio.
953 942 1065 982 Cum
1087 942 1164 982 hac
1187 941 1326 981 indole
1348 941 1476 981 virtu-

89 1009 178 1041 tum
214 1010 339 1055 atque
373 1000 567 1040 vitiorum
605 1000 784 1040 triennio
818 1000 893 1039 sub
932 998 1193 1039 Hasdrubale
1228 999 1474 1053 imperatore

89 1058 252 1106 meruit,
284 1057 399 1097 nulla
429 1072 484 1105 re,
519 1072 625 1112 quae
660 1056 821 1112 agenda
852 1055 1118 1111 videndaque
1152 1071 1302 1110 magno
1336 1055 1475 1096 futuro

88 1114 185 1155 duci
206 1123 325 1163 esset,
348 1114 646 1169 praetermissa.

149 1171 351 1212 Ceterum
382 1185 434 1210 cx
457 1186 540 1225 quo
571 1171 639 1210 die
671 1171 757 1210 dux
786 1180 847 1210 est
878 1170 1121 1217 declaratus,
1145 1169 1259 1209 velut
1288 1168 1407 1209 Italia
1438 1169 1474 1209 ei
1577 1167 1614 1203 5·

88 1229 301 1284 provincia
330 1228 509 1275 decreta,
539 1227 779 1281 bellumque
813 1227 1052 1266 Romanuin
1082 1225 1323 1265 mandatum
1356 1235 1474 1273 esset,
1494 1221 1656 1267 ¹¹³¹¹¹¹¹5¹’².²¹

90 1285 193 1326 nihil
215 1283 508 1340 prolatandum
541 1293 664 1329 ratus,
687 1299 739 1323 nc
772 1299 813 1323 se
846 1298 1028 1338 quoque,
1052 1291 1097 1322 ut
1129 1291 1288 1337 patrem
1314 1265 1675 1335 112111‘1il-}[“F¹T¹J¹’ss¹2¹¹¹

89 1357 239 1389 careni,
282 1341 435 1381 deinde
487 1339 806 1388 Hasdrubalem,
850 1348 1116 1380 cunctantem
1165 1354 1280 1379 casus
1328 1339 1477 1393 aliquis
1490 1348 1630 1385 ,miminis

90 1398 356 1454 opprimeret,
403 1396 643 1450 Saguntinis
691 1396 840 1436 inferre
882 1396 1038 1435 bellum
1079 1395 1234 1435 statuit.
1313 1396 1477 1442 Quibus
1491 1390 1616 1441 statuit..

59 1470 76 1499 3
90 1454 381 1510 oppugnandis
395 1450 493 1507 quia
513 1452 625 1492 haud
642 1452 767 1492 dubie
785 1454 979 1493 Romana
999 1467 1111 1492 arma
1132 1452 1418 1499 movebantur,
1435 1433 1669 1503 i11?,²1⁴(l..,¹‘'1r5¹,;¹,{⁴q

58 1528 77 1554 4
93 1511 298 1553 Olcadum
325 1511 429 1550 fines
450 1510 564 1565 prius
583 1509 711 1563 (ultra
738 1508 904 1549 Iberum
934 1524 983 1549 ea
1003 1524 1105 1563 gens
1127 1509 1171 1548 iu
1192 1517 1307 1563 parte
1335 1509 1611 1561 111agis,l›cllu111
1632 1517 1675 1545 in-

89 1583 215 1624 quam
237 1568 281 1608 in
301 1567 474 1615 ditione,
496 1566 906 1621 Carthaginiensium
923 1572 1031 1620 erat)
1047 1565 1214 1605 induxit
1232 1562 1476 1614 exereitum,
1492 1559 1561 1589 fert.

90 1636 137 1666 ut
157 1641 242 1665 non
263 1624 413 1680 petisse
440 1623 705 1678 Saguntinos,
721 1623 793 1663 sed
808 1638 946 1663 rerum
969 1623 1086 1671 serie,
1106 1622 1293 1662 finitimis
1310 1623 1477 1663 domitis

60 1683 296 1736 5gentibus,
320 1681 632 1736 iungendoque,
657 1689 810 1720 tractus
841 1680 893 1720 ad
915 1680 958 1720 id
984 1679 1140 1720 bellurn
1162 1679 1294 1719 videri
1326 1688 1474 1734 posset.

59 1736 318 1787 6Carteia1n,
348 1739 494 1778 urbem
525 1737 780 1792 opulentam,
810 1745 934 1792 caput
965 1737 1101 1792 gentis
1132 1737 1232 1784 eius,
1263 1745 1478 1791 expugnat

90 1797 330 1852 diripitque.
387 1795 485 1843 Quo
501 1804 616 1835 metu
631 1794 844 1850 perculsae
864 1794 1040 1834 minores
1054 1793 1252 1841 civitates,
1269 1793 1476 1848 stipendio

90 1854 297 1909 imposito,
316 1852 537 1908 imperium
559 1866 767 1906 accepere.
830 1850 978 1891 Victor
998 1851 1217 1898 exercitus,
1234 1851 1476 1905 opulentus-

90 1926 172 1966 que
198 1910 364 1966 praeda,
390 1908 689 1964 Carthaginem
718 1923 868 1948 novam
898 1908 941 1947 in
973 1908 1147 1948 hiberna
1172 1916 1233 1948 cst
1258 1907 1474 1947 deductus.

91 1968 156 2008 Ibi
178 1967 289 2022 large
311 1966 530 2022 partiendo
558 1965 767 2021 praedam,
790 1965 998 2020 stipendio
1027 1964 1249 2020 praeterito
1275 1979 1370 2004 culn
1393 1964 1475 2004 fide

91 2024 357 2072 exsolvendo,
399 2023 560 2064 cunctis
608 2022 760 2063 civium
809 2022 1099 2076 sociorumque
1147 2021 1296 2061 animis
1343 2022 1386 2061 in
1433 2036 1475 2061 se

91 2081 275 2129 firmatis,
297 2096 392 2121 vere
414 2081 548 2135 primo
574 2080 617 2119 in
639 2079 849 2120 Vaccaeos
870 2088 1107 2134 promotum
1135 2078 1304 2119 bellum.
1368 2078 1478 2118 Her-
1491 2084 1576 2114 Tum
1598 2084 1680 2114 Vac-

63 2138 284 2180 7mandica
304 2146 347 2178 et
368 2137 576 2177 Arbocala
600 2137 722 2177 urbes
743 2136 783 2176 vi
812 2146 967 2192 captae.
1031 2135 1239 2176 Arbocala
1264 2144 1305 2176 et
1326 2135 1477 2176 virtute
1492 2126 1584 2157 cacis.

143 2304 154 2323 1
183 2293 484 2341 Conspiciefiantur]
524 2291 707 2330 Conspicua
732 2302 761 2321 e-

92 2340 171 2366 rant.
200 2337 239 2366 cf.
256 2346 340 2375 supr.
358 2345 377 2365 1.
394 2342 443 2374 47.
460 2334 491 2365 ii.
510 2344 537 2374 5.
566 2336 605 2364 cf.
617 2335 672 2365 sil.
687 2335 761 2364 [tal.

91 2378 112 2409 i.
130 2388 200 2415 242.

142 2430 158 2449 ἰ
182 2421 334 2458 Ingentia
359 2421 456 2457 vitiet]
497 2420 536 2449 In
562 2418 763 2449 recensendis

94 2461 288 2493 Hannibalis
308 2461 390 2491 vitiis
413 2462 499 2490 haud
520 2461 615 2491 dubie
638 2461 760 2499 aliquid

92 2504 297 2534 tribuendum
321 2507 367 2533 est
391 2503 551 2541 scriptoris
573 2513 646 2541 erga
669 2503 760 2532 infes-

91 2546 249 2576 tissimum
262 2545 372 2584 populi
384 2545 523 2574 Romani
538 2544 660 2574 hostem
675 2544 762 2579 odio3

91 2587 287 2618 moderatius
311 2592 395 2617 celte
419 2597 456 2616 ea
479 2586 601 2624 stringit
624 2586 694 2615 Pol.
718 2586 760 2615 ix.

94 2640 142 2661 22.
168 2631 276 2660 Dona.

136 2682 152 2711 3
176 2674 218 2702 In
235 2672 387 2701 Olcadum
397 2671 500 2710 fines]
521 2670 558 2699 cf.
574 2670 642 2699 Pol.
657 2669 700 2699 iii.
715 2678 760 2707 13.

93 2715 232 2745 Olcades
253 2714 336 2743 inter
357 2713 483 2752 Tagum
505 2718 535 2742 et
553 2711 681 2742 Boetim
706 2712 761 2740 flu-

93 2757 163 2786 wios
179 2760 278 2786 erant.

135 2811 153 2836 4
178 2801 219 2828 In
234 2803 329 2837 parte
344 2799 460 2836 magis]
492 2797 597 2836 Magis
620 2796 703 2825 intra
727 2795 760 2825 li-

93 2841 186 2871 mites
208 2841 334 2870 foedere
354 2841 504 2870 Romano
520 2838 761 2877 Carthaginien-

807 2291 892 2320 sibus
919 2289 1078 2327 definitos,
1105 2300 1202 2328 quam
1232 2289 1264 2319 in
1295 2299 1404 2319 eorum
1433 2289 1477 2319 di-

807 2333 903 2363 tione.
929 2333 1035 2363 Ciu-zv.

851 2386 866 2413 5
889 2375 1134 2414 Imzyendoque]
1161 2384 1202 2404 se.
1222 2374 1268 2404 Ut
1286 2373 1478 2411 Saguntinos

807 2417 865 2447 sibi
881 2418 1033 2456 iungeret.

848 2459 867 2490 6
891 2460 1068 2495 Carteiam]
1097 2458 1330 2488 ImoAltheam
1348 2467 1386 2485 ex
1406 2457 1477 2487 Pol.

807 2502 848 2532 iii.
866 2511 911 2539 13.
945 2500 1074 2531 Carteia
1087 2500 1145 2529 sita
1158 2499 1217 2528 fuit
1233 2499 1264 2527 in
1278 2508 1330 2527 ora
1344 2498 1477 2535 Oceani,

806 2544 846 2573 ad
876 2544 993 2572 fretum
1027 2541 1237 2571 Herculeum.
1289 2540 1338 2569 Ea
1368 2545 1477 2570 autem

807 2585 892 2620 urbs,
909 2585 948 2613 de
961 2594 1023 2621 qua
1038 2583 1090 2612 hic
1107 2582 1219 2621 agitur,
1237 2592 1335 2620 quum
1353 2582 1479 2612 dicatur

806 2626 900 2656 fuisse
919 2625 1022 2664 gentis
1039 2625 1199 2655 Olcadum
1218 2629 1326 2663 caput,
1343 2635 1404 2653 non
1423 2635 1477 2663 po-

807 2669 867 2697 tuit
892 2669 985 2707 longe
1008 2668 1117 2697 abesse
1133 2677 1151 2696 a
1168 2667 1364 2706 Carthagine
1385 2677 1477 2698 nova.

808 2711 913 2742 Ciu-:xz

855 2760 868 2791 7
892 2753 1051 2782 Arbocala
1067 2757 1097 2783 et
1114 2753 1248 2789 virtute]
1284 2752 1336 2782 Ita
1351 2761 1477 2790 quoque

808 2795 878 2826 Pol.
896 2794 938 2824 iii.
960 2804 1005 2832 14.
