1877 3178
363 106 449 145 508
874 103 1022 145 ΤΙΤΙ
1061 103 1243 145 LIVII

162 199 205 229 U.
222 199 260 229 C.
282 209 355 239 549
368 191 502 247 Igitur
522 207 596 247 pro
624 207 666 232 se
697 192 873 247 quisque
896 192 1088 242 inermes,
1111 202 1157 233 ut
1182 193 1333 257 quibus
1360 193 1465 233 nihil
1493 193 1640 235 hostile
1661 209 1750 235 sus-

162 241 354 279 A.C.203.

367 258 535 304 pectum
563 258 683 298 esset,
706 249 900 289 omnibus
927 250 1069 304 portis,
1092 265 1175 305 qua
1202 250 1354 305 cuique
1382 251 1620 305 ploximum
1648 259 1747 300 erat,

367 321 417 346 03
456 306 594 354 100110,
636 321 742 361 quae
784 306 1083 361 restinguendo
1123 307 1210 361 igni
1250 306 1398 355 forent,
1439 316 1663 362 portantes,
1705 307 1749 347 in

367 378 517 417 agmen
540 363 664 403 Rom
654 377 779 403 mum
809 363 995 403 ruebant.
1061 363 1227 411 Quibus
1254 363 1382 404 caesis
1403 364 1609 412 omnibus,
1630 378 1750 418 prae-

368 428 557 474 terquarn
589 419 729 460 hostili
757 419 866 468 odio,
888 419 1013 460 etiam
1042 435 1094 460 ne
1121 420 1214 474 quis
1239 420 1411 460 nuntius
1439 420 1653 475 effugeret,
1676 435 1750 460 ex-

367 476 523 531 templo
548 476 687 531 Scipio
717 476 937 531 neglectaS,
961 485 1007 517 ut
1027 476 1071 516 in
1097 476 1167 517 tali
1189 477 1383 525 tumultu,
1406 485 1542 532 portas
1563 476 1745 517 invadit·

367 533 647 588 ignibusque
637 548 680 573 111
702 533 891 588 proxima
911 542 1021 574 tecta
1045 533 1257 582 coniectis,
1280 534 1409 574 effusa
1429 534 1595 574 flamma
1614 533 1748 588 primo

368 589 494 630 veluti
516 605 654 645 sparsa
679 590 867 645 pluribus
893 589 994 630 locis
1021 590 1187 639 reluxit,
1211 590 1309 630 dein
1337 605 1411 646 per
1437 590 1636 631 continua
1664 604 1748 630 ser-

366 662 481 701 pens,
504 662 589 687 uno
610 656 781 702 lepente
804 647 942 687 01111113
969 646 1164 687 1110001110
1185 647 1334 687 hausit.
1397 647 1593 687 Ambusti
1614 647 1747 687 homi-

366 718 440 744 nes
460 704 728 758 iumentaque
750 703 872 744 foeda
899 704 1079 758 primum
1101 704 1209 759 fuga,
1232 704 1328 744 dein
1356 713 1502 759 strage,
1525 704 1749 744 obruerant

366 760 515 801 itinera
544 769 768 815 portarum.
834 760 951 808 Quos
981 776 1066 800 11011
1099 769 1355 816 oppresserat
1385 761 1506 816 ignis,
1539 761 1646 801 ferro
1677 760 1749 800 ab·

366 817 546 872 sumpti:
589 817 770 872 binaque
802 827 932 857 castra
962 817 1078 857 clade
1110 833 1193 857 una
1223 817 1370 858 deleta.
1434 818 1576 858 Duces
1607 825 1748 857 tamen

366 874 500 922 ambo,
523 882 565 913 et
586 889 638 914 ex
670 882 731 913 tot
759 873 940 913 millibus
961 883 1212 914 armatorum
1235 874 1319 915 duo
1340 874 1468 914 millia
1494 874 1683 929 peditum
1705 882 1748 913 et

366 930 585 984 quingenti
617 930 779 984 equites
807 930 1056 978 semiermes,
1080 945 1231 985 magna
1257 946 1350 985 pars
1372 931 1511 979 saucii,
1536 930 1745 985 afflatique
1762 944 1780 977 7

365 986 573 1033 incendio,
607 986 854 1040 effugerunt.
920 985 1053 1026 Caesa
1088 996 1159 1026 aut
1189 987 1335 1026 hausta
1364 987 1539 1027 flammis
1570 986 1748 1041 quadra-

364 1042 482 1097 ginta
511 1041 640 1082 millia
675 1042 893 1082 hominum
924 1051 1032 1091 sunt,
1065 1052 1185 1098 capta
1219 1057 1342 1090 supra
1371 1043 1558 1097 quinque
1589 1043 1744 1107 millia3

365 1098 486 1139 multi
510 1098 919 1154 Carthaginiensium
948 1098 1120 1148 nobiles,
1144 1099 1339 1140 undecim
1361 1108 1596 1140 senatores.
1630 1100 1748 1154 signa

365 1155 558 1195 militaria
574 1164 743 1196 eentum
764 1156 1027 1211 septuaginta
1042 1165 1250 1211 quattuor,
1268 1156 1365 1211 equi
1388 1155 1605 1196 Numidici
1623 1171 1747 1212 supra

365 1212 449 1252 duo
480 1212 610 1252 millia
639 1213 904 1276 septingenti,
937 1212 1149 1268 elephanti
1180 1228 1252 1253 sex
1283 1213 1418 1268 capti·
1410 1244 1419 1261 ,
1458 1221 1551 1253 octo
1581 1213 1747 1254 flamma

365 1269 556 1324 felroque
598 1269 818 1324 absumpti,
859 1284 914 1309 111
904 1284 1092 1324 agnaque
1133 1270 1193 1310 vis
1233 1285 1442 1310 311·11010111
1481 1278 1612 1325 capta.
1683 1269 1747 1311 Ea

367 1341 507 1365 01111113
527 1326 749 1381 imperator
770 1326 960 1366 Vulcano
982 1338 1137 1367 sacrata
1158 1326 1355 1367 incendit.

426 1382 664 1423 Hasdrubal
692 1398 744 1423 ex
772 1383 882 1438 fuga,
905 1398 999 1423 cum
1029 1384 1182 1438 paucis,
1207 1383 1405 1424 Afrorum
1436 1383 1581 1424 urbem
1606 1384 1777 1439 proxi-8

367 1454 477 1479 mam
499 1440 700 1495 petierat:
734 1455 868 1495 eoque
891 1455 1046 1489 omnes,
1070 1441 1143 1494 qui
1164 1448 1418 1495 supererant,
1439 1440 1613 1495 vestigia
1629 1440 1746 1481 ducis

364 1505 599 1551 sequentes,
641 1511 683 1537 se
724 1496 998 1537 contulerant.
1062 1497 1186 1538 Metu
1226 1497 1392 1546 deinde,
1429 1513 1482 1538 ne
1523 1497 1747 1537 dederetur

368 1552 565 1607 Scipioni,
588 1554 689 1594 urbe
711 1554 897 1594 excessit.
961 1554 1067 1594 Mox
1085 1554 1232 1594 codem
1254 1555 1491 1609 patentibus
1507 1554 1635 1609 portis
1658 1553 1746 1594 Ro-

366 1610 476 1648 mani
499 1611 680 1673 accepti:
715 1626 792 1651 nec
814 1611 981 1665 quicqu
973 1626 1038 1651 un
1055 1611 1215 1660 hostile,
1234 1627 1333 1666 qula
1347 1611 1560 1651 voluntate
1577 1625 1746 1651 conces-

365 1675 502 1706 serant
536 1667 581 1705 in
612 1666 827 1715 ditionem,
859 1668 1024 1708 factum.
1087 1668 1208 1708 Duae
1242 1668 1418 1708 subinde
1450 1668 1571 1708 urbes
1601 1676 1744 1723 captae

365 1722 647 1778 direptaeque.
710 1722 773 1763 Ea
807 1724 973 1777 plaeda,
1010 1735 1052 1764 et
1086 1739 1192 1778 quac
1227 1725 1368 1765 castris
1400 1740 1453 1764 ex
1488 1725 1667 1765 10000515
1703 1735 1746 1765 et

366 1779 462 1834 igne
488 1787 605 1834 rapta
629 1788 729 1827 exat,
753 1780 874 1819 militi
900 1794 1092 1820 concessa
1113 1790 1184 1820 est.
1249 1780 1421 1835 Syphax
1449 1789 1542 1821 octo
1568 1780 1745 1821 millium

365 1836 494 1876 ferme
528 1836 624 1876 inde
661 1836 792 1891 spatio
829 1836 920 1877 1000
951 1837 1208 1877 communito
1244 1837 1443 1878 consedit,
1506 1836 1743 1877 Hasdrubal

368 1893 665 1948 Carthaginem
684 1893 914 1941 contendit,
933 1908 985 1933 nc
1003 1893 1105 1948 quid
1121 1908 1196 1948 per
1211 1903 1369 1934 metum
1386 1909 1438 1934 ex
1454 1894 1612 1934 recenti
1626 1893 1742 1934 clade

366 1949 529 1989 mollius
550 1949 845 1989 consuleretur.
911 1950 1009 1996 Quo
1033 1959 1170 1990 tantus
1191 1950 1325 2004 primo
1348 1959 1479 1991 terror
1500 1958 1562 1990 est
1583 1950 1742 2000 allatus,

366 2015 424 2054 ut,
448 2007 596 2046 omissa
619 2006 755 2055 Utica,
782 2005 1081 2061 Carthaginem
1110 2007 1328 2047 crederent
1349 2006 1561 2062 extemplo
1585 2007 1745 2062 Scipio-

365 2078 461 2102 nem
501 2064 773 2104 obsessurum.
839 2062 1040 2104 Senatum
1080 2064 1220 2118 itaque
1256 2064 1424 2104 suffetes
1459 2064 1593 2119 (quod
1630 2064 1775 2114 velut9

364 2120 576 2160 consulare
594 2120 813 2175 imperium
835 2120 947 2175 apud
964 2135 1033 2161 eos
1050 2119 1156 2174 erat)
1169 2129 1430 2161 vocaverunt.
1493 2120 1558 2161 Ibi
1575 2136 1597 2161 e
1614 2121 1744 2161 tribus

363 2179 467 2227 (una
506 2177 558 2217 de
601 2192 700 2231 pace
741 2177 897 2232 legatos
932 2177 984 2217 ad
1028 2177 1266 2232 Scipionem
1301 2177 1574 2218 decernebat:
1617 2177 1744 2218 altera

365 2232 647 2274 Hannibalem
669 2233 722 2274 ad
744 2234 941 2274 tuendam
963 2234 1014 2275 ab
1032 2234 1234 2274 exitiabili
1255 2233 1364 2274 bello
1384 2234 1560 2289 patriam
1577 2249 1743 2275 revoca-

363 2291 454 2330 bat:
499 2291 620 2331 tertia
652 2290 867 2331 Romanae
904 2291 948 2330 in
978 2290 1158 2331 adversis
1188 2292 1310 2332 rebus
1340 2291 1595 2331 constantiae
1626 2299 1741 2340 erat3

363 2347 638 2402 reparandum
660 2348 902 2396 exereitum,
929 2347 1248 2403 Syphacemque
1271 2347 1536 2396 hortandum,
1559 2362 1612 2387 ne
1633 2347 1742 2388 bello

362 2404 588 2453 absisteret,
614 2404 829 2459 censebat)
859 2404 962 2445 haec
988 2405 1206 2454 sententia,
1229 2404 1328 2460 quia
1357 2404 1594 2445 Hasdrubal
1624 2419 1741 2460 prae-

361 2542 401 2561 eoe
421 2533 643 2570 trepidatione,
664 2542 745 2570 quae
770 2535 960 2562 nocturnum
983 2532 1028 2562 in·
1073 2533 1235 2563 tenebant.
1282 2533 1411 2562 Nomen
1437 2532 1515 2568 eius,
1536 2533 1621 2571 quod
1646 2533 1741 2573 Poly-

363 2574 511 2603 ccndiuin
539 2574 682 2604 comitari
713 2574 805 2610 solet,
829 2578 916 2604 ortus
941 2579 1028 2605 esset.
1073 2575 1143 2604 bins
1182 2575 1405 2613 praetermisit,
1438 2575 1525 2613 apud
1555 2574 1741 2613 Appianum

363 2616 513 2653 Confusis
530 2617 707 2646 Rhenanus
722 2617 856 2647 mavult.
1077 2617 1188 2646 Punic.
1212 2627 1241 2655 p.
1264 2627 1309 2656 13.
1334 2620 1449 2654 exstat,
1472 2615 1513 2647 εἰς
1536 2616 1648 2645 Ἀνδᾶν
1670 2628 1742 2646 κατ-

409 2660 622 2697 *lxlfflall‘qlw
658 2659 820 2695 incendio]
877 2658 1031 2688 Similiter
1075 2657 1198 2697 ἔφυγεν.

363 2709 447 2736 supr.
476 2699 586 2730 xxviii.
612 2710 660 2738 23-
691 2701 890 2740 (mzbztstique
916 2702 1030 2740 afflatu
1117 2711 1135 2741 9
1159 2704 1312 2731 Senalmn
1357 2702 1464 2740 itaque
1508 2702 1652 2740 szffltes]
1700 2702 1740 2731 cf.

365 2742 502 2777 vaporis.
1076 2743 1167 2781 Supr.
1184 2743 1293 2772 xxviii.
1312 2751 1364 2781 37.
1398 2743 1524 2781 Sufetes
1539 2742 1740 2773 scribendum

406 2782 425 2809 8
448 2783 602 2819 Afrorum
626 2785 750 2821 urbem]
780 2785 865 2814 Urbs
888 2784 944 2813 illa
967 2795 1029 2813 non
1075 2790 1183 2815 monet
1201 2784 1307 2823 Sigon.

364 2827 430 2852 emt
456 2823 598 2853 Punicae
623 2824 761 2862 originis,
785 2826 839 2855 scd
864 2826 933 2855 Afri
959 2829 1029 2857 eain
