1825 3173
329 104 382 142 54
842 100 989 142 TITI
1032 100 1206 142 LIVII

118 196 159 226 U·
177 196 215 226 C·
233 204 304 234 534·
331 190 721 247 portisquepositiS,
744 200 902 232 ceteros
930 191 1136 232 confertos
1164 192 1207 231 in
1236 190 1373 231 media
1394 198 1524 231 castra
1544 188 1712 244 recepit,

115 239 153 268 A.
177 239 214 269 C.
233 238 304 268 218.
334 248 342 255 ·

188 1489 253 1527 60.

119 1544 186 1574 Res
200 1547 307 1583 gestae

117 1596 135 1615 a
152 1587 212 1616 Cn.
231 1587 296 1616 Sci-

119 1628 214 1666 pione
229 1628 262 1658 in

120 1670 288 1709 Hispania.

116 2515 236 2546 Hanno
256 2515 315 2545 vic-

115 2562 174 2586 tus.

332 255 598 303 intentosque
620 248 785 303 signum
814 247 866 288 ad
893 248 1197 303 erumpendum
1227 255 1409 303 spectare
1435 247 1561 287 iubet.
1624 245 1713 286 Iam

332 319 444 345 nona
472 305 600 345 ferme
632 305 716 345 diei
746 305 849 345 hora
878 313 978 353 erat,
1010 319 1139 359 quum
1172 305 1400 352 Romanus,
1432 303 1714 358 nequicquam

331 361 501 417 fatigato
532 361 676 410 milite,
698 371 920 416 postquam
950 361 1066 401 nulla
1094 376 1187 417 spes
1218 369 1303 401 erat
1334 359 1528 415 potiundi
1559 358 1713 407 castris,

332 417 497 473 signum
518 418 705 473 receptui
725 418 854 459 dedit.
921 417 1049 465 Quod
1069 418 1141 458 ubi
1164 416 1379 458 Hannibal
1407 416 1580 471 accepit,
1602 415 1715 455 laxa-

334 484 502 530 tamque
542 490 727 530 pugnam
767 484 809 515 et
854 489 1062 515 recessum
1101 490 1126 515 a
1164 474 1306 515 castris
1344 473 1462 522 vidit,
1503 470 1715 526 extemplo

333 531 544 587 equitibus
583 532 730 572 dextra
764 531 963 587 laevaque
1004 531 1162 572 emissis
1201 531 1245 571 in
1284 531 1459 579 hostem,
1495 529 1583 584 ipse
1618 542 1715 568 cum

333 588 523 643 peditum
555 589 700 629 robore
742 588 891 629 mediis
930 588 1071 628 eastris
1102 588 1250 643 erupit.
1311 587 1461 642 Pugna
1499 600 1592 626 raro
1631 583 1747 625 ulla4

334 645 468 700 magis
488 660 620 694 saeva,
643 654 684 685 et
704 659 800 686 cum
816 645 1031 699 utriusque
1047 645 1176 700 partis
1194 644 1377 700 pernicie
1394 643 1540 684 clarior
1558 641 1715 694 fuisset,

334 701 367 741 si
388 702 559 742 extendi
580 717 671 742 eam
699 701 787 742 dies
814 702 859 742 in
885 701 1057 757 longum
1085 702 1265 756 spatium
1292 701 1462 741 sivisset.
1526 699 1627 739 Nox
1648 713 1716 738 ac—

334 773 505 799 censum
525 759 766 813 ingentibus
787 758 934 799 animis
954 758 1158 813 proelium
1179 757 1358 798 diremit.
1414 756 1563 812 Itaque
1584 755 1717 796 acrior

335 830 558 856 concursus
578 815 670 865 fuit,
688 830 813 871 quam
836 815 1006 863 caedes3
1039 823 1093 864 et,
1111 815 1217 855 sicut
1238 822 1415 869 aequata
1429 813 1558 854 ferme
1574 826 1718 867 pugna

334 880 433 921 erat,
454 872 513 912 ita
531 871 648 912 clade
669 872 758 928 pari
778 871 1003 912 discessum
1024 880 1096 912 est.
1149 872 1219 912 Ab
1240 879 1389 911 neutra
1407 879 1523 925 parte
1544 884 1715 910 sexcen-

336 929 387 968 tis
407 928 500 983 plus
520 928 742 983 peditibus,
765 936 808 969 et
828 928 1050 968 dimidium
1077 928 1166 968 eius
1194 928 1383 982 equitum
1405 926 1568 967 cecidit.
1633 925 1718 966 Sed

336 985 467 1025 maior
508 985 724 1033 Romanis,
765 999 889 1039 quam
930 999 1005 1039 pro
1044 999 1232 1033 numero,
1274 984 1432 1024 iactura
1469 983 1571 1023 fuit:
1619 982 1719 1037 quia

336 1042 538 1096 equestris
568 1041 725 1081 ordinis
764 1040 934 1095 aliquot,
967 1048 1010 1080 et
1040 1040 1196 1080 tribuni
1231 1040 1411 1080 militum
1441 1039 1643 1095 quinque,
1675 1048 1719 1079 et

335 1097 533 1152 praefecti
566 1097 771 1137 sociorum
804 1105 900 1144 tres,
936 1105 1033 1136 sunt
1067 1096 1285 1136 interfecti.
1351 1096 1591 1136 Secundum
1624 1106 1748 1137 eam5

333 1167 517 1208 pugnam
540 1152 755 1193 Hannibal
783 1152 827 1192 in
855 1152 1045 1207 Ligures,
1072 1151 1341 1207 Sempronius
1366 1153 1527 1193 Lucam
1549 1167 1719 1193 conces—

333 1210 397 1250 sit.
460 1209 662 1249 Venienti
683 1209 727 1248 in
749 1208 926 1263 Ligures
949 1208 1179 1249 Hannibali
1206 1224 1281 1263 per
1308 1209 1476 1249 insidias
1497 1209 1718 1264 intercepti

333 1266 417 1306 duo
448 1274 687 1321 quaestores
720 1265 914 1314 Romani,
950 1264 999 1305 C.
1019 1265 1189 1305 Fulvius
1220 1273 1261 1305 et
1287 1265 1335 1305 L.
1356 1265 1590 1314 Lucretius,
1622 1278 1718 1306 cum
1773 1278 1783 1286 ¹

333 1323 495 1362 duobus
517 1323 694 1362 tribunis
715 1322 908 1371 militum,
930 1331 972 1362 ct
993 1323 1179 1377 quinque
1201 1323 1404 1377 equestris
1424 1322 1580 1362 ordinis
1601 1337 1719 1363 sena-

334 1387 471 1419 torum
492 1379 620 1419 fcrmc
648 1379 801 1427 liberis,
824 1394 908 1433 quo
936 1379 1066 1434 magis
1094 1387 1224 1419 ratam
1253 1379 1339 1419 fore
1367 1394 1463 1419 cum
1488 1379 1552 1419 his
1573 1394 1718 1434 pacem

335 1435 659 1490 societatemque
682 1435 882 1484 crederet,
906 1435 1135 1476 traduntur.

392 1492 509 1532 Dum
540 1492 642 1532 haec
673 1492 716 1531 in
748 1491 867 1532 Italia
896 1501 1109 1547 geruntur,
1143 1491 1222 1533 Cn.
1245 1492 1466 1534 Cornelius
1490 1493 1642 1549 Scipio,
1674 1493 1718 1534 in

335 1548 584 1604 Hispaniam
615 1564 711 1589 cum
742 1548 867 1589 classe
899 1559 941 1589 et
972 1550 1157 1589 exercitu
1183 1550 1342 1599 missus,
1366 1565 1509 1605 quum,
1532 1551 1582 1591 ab
1614 1550 1718 1591 ostio

335 1605 533 1646 Rhodani
574 1606 794 1661 profectUS,
838 1606 1158 1661 Pyrenaeosque
1200 1616 1363 1647 montes
1403 1607 1716 1657 circumvectus,

335 1661 544 1717 Emporiis
573 1662 797 1717 appulisset
826 1662 1009 1711 classem,
1033 1663 1221 1718 exposito
1250 1664 1307 1704 ibi
1336 1664 1534 1712 exercitu,
1558 1679 1674 1704 orsus
1694 1679 1719 1705 a

334 1718 568 1767 Lacetanis,
591 1734 758 1759 omnem
790 1735 902 1759 oram
934 1735 1066 1775 usque
1098 1720 1151 1760 ad
1182 1720 1349 1761 Iberum
1375 1721 1545 1769 fiumen,
1567 1721 1717 1776 partim

332 1776 580 1816 renovandis
598 1776 874 1825 societatibus,
894 1777 1043 1831 partim
1065 1778 1182 1817 novis
1198 1777 1480 1826 instituendis,
1501 1778 1716 1818 Romanae

332 1832 503 1872 ditionis
533 1833 641 1873 fecit.
724 1833 828 1873 Inde
861 1833 1079 1874 conciliata
1119 1834 1363 1875 clementiae
1394 1834 1515 1884 fama,
1547 1850 1633 1874 non
1664 1834 1717 1875 ad

333 1889 560 1929 maritimos
589 1890 713 1929 modo
742 1890 930 1944 populos,
953 1891 1038 1939 sed,
1061 1891 1104 1930 in
1133 1891 1445 1931 mediterraneis
1473 1906 1640 1946 quoque
1670 1907 1716 1932 ac

333 1946 552 1995 montanis,
576 1946 628 1986 ad
658 1946 876 1986 ferociores
908 1948 986 1987 iam
1019 1955 1165 2002 gentes
1195 1948 1344 1988 valuit:
1379 1963 1456 1988 nec
1484 1963 1565 2003 pax
1592 1947 1716 1988 modo

333 2002 443 2057 apud
465 2018 547 2051 eos,
569 2003 642 2043 sed
664 2003 835 2043 societas
861 2004 985 2043 etiam
1014 2000 1236 2053 armorum,
1259 2014 1399 2060 parata
1421 2014 1503 2045 est:
1537 2004 1716 2045 validae-

332 2074 414 2112 que
447 2059 604 2114 aliquot
638 2059 888 2100 auxiliorum
922 2061 1111 2101 cohortes
1144 2076 1197 2101 ex
1230 2062 1278 2101 iis
1314 2062 1571 2117 conscriptae
1605 2069 1712 2101 sunt.

334 2114 557 2155 Hannonis
579 2116 636 2155 cis
657 2116 825 2156 Iberum
853 2118 1066 2171 provincia
1087 2126 1195 2157 erat:
1231 2133 1325 2157 eum
1348 2118 1574 2172 reliquerat
1596 2117 1715 2158 Han-

333 2172 443 2211 nibal
475 2172 527 2211 ad
558 2173 736 2226 regionis
768 2173 856 2212 cius
896 2174 1158 2227 praesidium.
1241 2174 1388 2228 Itaque
1430 2175 1556 2229 prius,
1589 2190 1714 2229 quam

331 2227 611 2268 alienarentur
642 2229 793 2276 onmia,
818 2230 978 2269 obviam
1012 2230 1197 2270 cundum
1230 2240 1350 2279 ratus,
1376 2231 1517 2270 castris
1547 2232 1590 2270 in
1616 2246 1711 2271 con-

330 2294 476 2339 speetu
517 2284 698 2325 hostium
734 2286 891 2340 positis,
926 2286 967 2325 in
1004 2287 1135 2326 aciem
1169 2287 1327 2327 eduxit.
1392 2287 1483 2327 Nec
1522 2288 1714 2328 Romano

331 2341 610 2381 differendum
653 2352 863 2382 certamen
911 2343 1065 2382 visum:
1121 2344 1275 2398 quippe
1325 2344 1395 2398 qui
1441 2344 1575 2392 sciret,
1617 2360 1711 2385 cum

334 2397 544 2438 Hannone
567 2408 606 2438 et
634 2398 892 2439 Hasdrubale
922 2400 996 2439 sibi
1027 2400 1312 2440 dimicandum
1343 2416 1453 2448 esse:
1487 2401 1711 2456 malletque

331 2454 527 2494 adversus
557 2455 741 2510 singulos
781 2457 1013 2510 separatim,
1046 2472 1170 2511 quam
1213 2457 1406 2497 adversus
1442 2457 1546 2498 duos
1576 2458 1712 2506 simul,

330 2525 416 2550 rem
438 2526 593 2565 gerere.
648 2511 739 2551 Nec
761 2513 900 2566 magni
921 2514 1157 2553 certaminis
1178 2529 1226 2554 ea
1246 2514 1457 2554 dimicatio
1478 2514 1566 2555 fuit.
1629 2513 1712 2555 Sex

330 2567 459 2606 millia
479 2567 657 2607 hostium
691 2584 820 2618 caesa,
844 2569 928 2610 duo
959 2579 1078 2625 capta
1109 2586 1203 2610 cum
1235 2571 1440 2626 praesidio
1461 2582 1709 2612 castrorum:

371 2695 388 2719 4
414 2684 533 2720 J'ttssntl
562 2695 635 2713 'saro
664 2687 727 2713 nlla
758 2688 855 2723 massis
882 2688 993 2724 sarva]
1042 2687 1119 2717 Tae,
1141 2688 1221 2717 Anu.
1242 2688 1260 2717 i.
1282 2696 1326 2725 71.
1355 2687 1466 2724 Polyb.
1492 2687 1529 2715 ri.
1554 2687 1601 2717 26.
1650 2688 1709 2717 En-

327 2726 446 2762 anm
466 2736 541 2753 raro
563 2728 659 2763 ›tmw's
680 2728 775 2755 dultia
800 2739 837 2757 ex
865 2729 994 2758 remeet.
1042 2730 1112 2758 clem
1144 2730 1249 2758 niuniu
1282 2729 1312 2757 111
1343 2728 1454 2760 socios..
1481 2738 1561 2765 quae
1591 2729 1711 2760 tribuni

329 2766 467 2795 Gronov.
486 2766 517 2795 111
535 2770 656 2795 textum
678 2769 792 2806 recepit
817 2770 951 2799 bekker.
1042 2771 1179 2800 militum
1197 2771 1229 2800 in
1247 2771 1340 2807 eires,
1357 2771 1561 2808 usurpabant.

372 2818 387 2847 5
408 2808 570 2845 Praefecti
587 2810 755 2845 sociorum]
796 2811 843 2839 De
861 2811 908 2840 his
927 2812 996 2841 vide
