1877 3178
360 114 441 153 256
866 109 1013 152 TITI
1054 108 1231 151 LIVII

152 208 196 239 U.
213 208 251 239 C.
276 201 547 251 540.crimine,
574 201 756 242 desertos
782 199 946 241 volebat
969 200 1121 241 socios:
1154 197 1240 248 sed,
1268 213 1464 255 prospero
1491 214 1543 240 ex
1568 200 1734 240 temeri-

151 252 190 281 A.
213 251 250 282 C·
277 261 347 283 ²¹²·
362 268 445 300 tate
468 259 589 299 unius
612 257 791 299 Romani
812 257 928 298 ducis
949 271 1150 305 successu,
1173 257 1217 296 in
1245 256 1411 297 alterius
1440 256 1556 297 ducis
1576 257 1735 298 exerci-

151 321 212 368 0,ῐὶ-
230 321 305 368 Ful·
362 325 510 371 tusque
541 314 803 371 opprimendi
833 314 1089 355 occasionem
1120 313 1374 354 imminebat.
1439 312 1517 354 Cn.
1542 313 1735 355 Fulvium

153 373 221 435 Ἓξ
236 373 268 393 ¹¹¹
285 363 327 393 A·
361 383 593 429 praetorem
616 372 746 427 Apuli
766 371 891 427 legati
912 371 1171 419 nuntiabant,
1193 370 1338 426 primo,
1361 370 1461 411 dum
1478 371 1598 412 urbes
1614 386 1736 426 quas-

243 429 250 437 ’
362 431 457 471 dam
488 429 529 470 A
563 429 737 478 ulorum,
796 444 872 469 uae
903 429 957 469 ad
984 427 1265 468 Hannibalem
1295 427 1575 476 descivissent,
1602 443 1626 468 o
1687 443 1736 468 u-

153 415 174 445 p
222 416 241 436 a
532 445 558 485 p
766 444 793 484 q
1628 443 1685 483 pp

360 495 518 543 gnaret,
546 486 746 527 intentius
771 501 858 527 rem
885 485 1037 541 egisse:
1072 493 1214 540 postea
1240 484 1368 524 nimio
1396 499 1585 525 successu
1611 492 1653 525 et
1673 485 1736 540 ip-

362 560 453 585 sum
474 552 515 584 et
536 543 699 592 milites,
721 543 875 599 praeda
894 542 1097 597 impletos,
1120 542 1162 581 in
1185 549 1342 581 tantam
1362 541 1573 582 licentiam
1600 556 1737 582 socor-

363 601 558 656 diamque
590 600 752 650 effusos,
774 608 821 640 ut
841 600 955 640 nulla
975 599 1192 654 disciplina
1220 598 1389 638 militiae
1411 606 1526 638 esset.
1592 597 1737 646 Quum

363 673 484 713 saepe
516 657 625 706 alias,
658 666 746 698 tum
776 657 917 712 paucis
947 656 1092 697 diebus
1123 665 1218 696 ante
1255 663 1462 710 expertus,
1494 654 1626 710 qualis
1661 656 1737 696 sub

220 713 285 750 21.
364 715 493 756 inscio
510 715 614 755 duce
633 714 837 755 exercitus
854 722 971 763 esset,
989 714 1033 753 in
1052 713 1248 768 Apuliam
1264 722 1396 753 eastra
1410 712 1549 753 movit.
1614 711 1738 753 Circa

365 772 634 812 Herdoneam
669 771 883 812 Romanae
924 771 1107 826 legiones
1142 778 1184 810 et
1213 778 1378 825 praetor
1410 769 1579 810 Fulvius
1606 778 1734 810 erant.

368 829 465 877 Quo
487 829 557 869 ubi
574 829 743 869 allatum
764 837 837 877 est,
861 828 998 868 hostes
1019 827 1251 875 adventare,
1274 842 1401 881 prope
1424 835 1486 867 est
1505 826 1673 875 factum,
1691 834 1738 867 ut

362 886 521 926 iniussu
540 886 737 941 praetoris
758 885 884 940 signis
905 884 1108 925 convulsis
1129 884 1171 923 in
1189 884 1318 924 aciem
1340 884 1512 924 exirent.
1566 883 1658 924 Nee
1675 898 1738 924 res

363 943 447 983 ulla
477 943 606 998 magis
636 943 782 991 tenuit,
809 957 934 997 quam
964 956 1055 996 spes
1079 941 1192 981 haud
1216 940 1354 990 dubia,
1382 955 1456 980 suo
1484 940 1527 980 id
1557 940 1736 990 arbitrio,

364 1000 434 1040 ubi
466 999 632 1047 vellent,
669 1008 840 1039 acturos.
904 998 1040 1038 Nocte
1077 998 1313 1052 insequenti
1349 997 1574 1046 Hannibal,
1607 1012 1738 1052 quum

364 1056 660 1097 tumultuatum
690 1056 732 1095 in
764 1055 915 1103 castris,
948 1064 990 1095 et
1019 1054 1237 1109 plerosque
1268 1054 1468 1102 ferociter,
1498 1054 1662 1109 signum
1693 1062 1739 1095 ut

364 1113 492 1161 daret,
521 1113 715 1153 institisse
737 1112 833 1152 duci
862 1111 913 1151 ad
942 1126 1054 1151 arma
1078 1119 1271 1151 vocantes
1291 1111 1424 1159 sciret,
1446 1111 1558 1151 haud
1588 1111 1739 1151 dubius

363 1184 582 1225 prosperae
607 1184 770 1224 pugnae
793 1168 1049 1209 occasionem
1072 1167 1173 1216 dari,
1195 1167 1273 1207 tria
1300 1167 1428 1207 millia
1448 1168 1739 1222 expeditorum

365 1226 544 1266 militum
572 1226 615 1266 in
640 1225 747 1266 villis
775 1226 895 1274 cirea,
923 1224 1198 1280 vepribusque
1227 1232 1268 1264 et
1298 1223 1408 1264 silvis
1436 1224 1629 1279 disponit,
1653 1225 1739 1279 qui,

365 1283 482 1338 signo
504 1283 614 1332 dato,
632 1282 754 1323 simul
775 1297 917 1322 omnes
938 1298 959 1322 e
982 1281 1147 1322 latebris
1168 1281 1415 1321 existerent:
1450 1289 1491 1321 et
1512 1281 1740 1337 Magonem

366 1356 413 1381 ac
434 1341 517 1380 duo
538 1340 665 1380 ferme
691 1339 819 1379 millia
838 1339 1039 1394 equitum,
1063 1353 1146 1393 qua
1172 1338 1309 1393 fugam
1336 1338 1626 1378 inclinaturam
1653 1353 1740 1379 ere-

367 1397 504 1446 debat,
526 1397 665 1437 omnia
682 1397 830 1437 itinera
846 1396 1024 1436 insidere
1046 1395 1171 1436 iubet.
1235 1394 1314 1435 His
1334 1404 1455 1435 nocte
1477 1395 1740 1451 praeparatis,

161 1458 210 1487 Ab
224 1457 335 1505 Hztnnj
368 1454 501 1510 prima
520 1454 611 1494 luce
633 1454 676 1493 in
698 1453 828 1493 aciem
849 1453 985 1508 copias
1013 1452 1164 1493 educit.
1228 1452 1320 1492 Nec
1341 1451 1510 1493 Fulvius
1530 1461 1593 1493 est
1616 1467 1743 1493 cunc-

159 1500 231 1571 Ἐξ
249 1510 342 1530 vinei-
370 1520 490 1560 tatus,
513 1526 597 1551 non
619 1519 703 1550 tam
731 1525 805 1550 sua
824 1510 907 1550 ulla
927 1525 1012 1565 spe,
1034 1525 1158 1564 quam
1187 1509 1366 1549 militum
1394 1509 1553 1565 impetu
1572 1509 1742 1550 fortuito

213 1565 221 1573 ⁰
367 1577 530 1609 tractus
592 1567 739 1622 Itaque
761 1567 906 1607 eadem
928 1567 1170 1615 temeritate,
1189 1582 1271 1622 qua
1290 1581 1526 1622 processum
1546 1567 1591 1606 in
1611 1567 1743 1607 aciem

367 1634 440 1673 est,
463 1624 679 1665 instruitur
699 1624 787 1679 ipsa
807 1624 914 1664 acics
935 1624 987 1663 ad
1012 1623 1227 1664 libidinem
1249 1624 1427 1664 militum
1448 1624 1552 1664 forte
1573 1638 1742 1679 procur-

367 1682 546 1722 rentium
563 1681 972 1735 consistentiumque,
991 1695 1074 1735 quo
1088 1680 1179 1720 loco
1192 1681 1374 1735 ipsorum
1391 1680 1550 1721 tulisset
1566 1680 1741 1730 animus,

368 1739 519 1779 deinde
533 1753 607 1794 per
618 1737 834 1778 libidinem
853 1745 923 1777 aut
936 1746 1093 1777 metum
1108 1737 1387 1777 deserentium
1401 1737 1549 1777 locum.
1602 1737 1743 1778 Prima

368 1796 476 1851 legio
497 1804 539 1836 et
559 1795 721 1835 sinistra
741 1794 804 1834 ala
830 1794 873 1834 in
893 1794 1027 1849 primo
1047 1793 1281 1842 instructae,
1305 1802 1347 1834 et
1374 1794 1417 1833 in
1437 1793 1742 1848 longitudinem
1755 1807 1773 1837 3

369 1861 556 1908 porrecta
584 1852 701 1892 acies.
766 1850 1052 1899 Clamantibus
1082 1850 1270 1899 tribunis,
1299 1850 1425 1890 ‘nihil
1453 1851 1651 1891 introrsus
1677 1865 1744 1891 ro-

372 1916 383 1932 ‘
400 1910 508 1950 boris
529 1925 574 1950 ac
591 1909 739 1948 virium
756 1923 856 1957 esse,
872 1916 925 1956 et,
940 1922 1189 1963 quacunque
1207 1907 1408 1962 impetum
1424 1907 1586 1948 fecisset
1600 1907 1742 1956 hostis,

372 1972 383 1990 ⁶
399 1966 708 2022 perrupturosz’
747 1965 865 2014 nihil,
897 1964 1010 2019 quod
1045 1964 1220 2005 salutare
1257 1972 1375 2012 esset,
1412 1979 1497 2004 non
1532 1963 1656 2004 modo
1691 1963 1744 2004 ad

371 2024 567 2071 animum,
591 2022 663 2063 sed
684 2037 736 2063 ne
758 2022 811 2062 ad
832 2037 948 2063 aures
965 2021 1133 2076 quidem
1156 2021 1440 2061 admittebant,
1503 2020 1559 2061 Et
1580 2020 1744 2061 Hanni-

370 2080 450 2129 bal,
472 2079 792 2134 haudquaquam
810 2078 953 2119 similis
973 2078 1072 2127 dux,
1090 2093 1226 2133 neque
1247 2078 1371 2118 simili
1391 2078 1589 2127 exercitu,
1606 2093 1743 2133 neque

371 2138 429 2177 ita
449 2137 649 2177 instructo
670 2136 820 2177 aderat.
884 2135 994 2191 Ergo
1015 2150 1068 2175 ne
1090 2135 1309 2175 clamorem
1330 2135 1501 2189 quidem
1522 2142 1646 2190 atque
1667 2135 1745 2175 im-

371 2202 515 2249 petum
544 2194 723 2248 primum
749 2208 891 2234 eorum
918 2192 1099 2233 Romani
1129 2192 1370 2232 sustinuere.
1432 2191 1546 2240 Dux,
1572 2191 1745 2231 stultitia

372 2260 414 2291 et
431 2251 660 2291 temeritate
681 2250 888 2290 Centenio
902 2264 986 2304 par,
1002 2248 1138 2288 animo
1152 2263 1415 2303 nequaquam
1432 2247 1743 2303 comparandus,

374 2308 444 2348 ubi
465 2322 552 2347 rem
579 2307 817 2347 inclinatam
845 2321 892 2346 ae
921 2305 1173 2361 trepidantes
1201 2320 1294 2345 suos
1314 2305 1430 2355 vidit,
1453 2320 1562 2360 equo
1582 2313 1744 2360 arrepto

373 2379 468 2405 cum
484 2364 673 2405 ducentis
688 2363 815 2404 ferme
837 2363 1045 2418 equitibus
1065 2362 1231 2417 effugit:
1265 2370 1402 2403 cetera
1421 2377 1445 2402 a
1463 2362 1597 2402 fronte
1613 2361 1743 2418 pulsa,

374 2437 398 2462 a
418 2431 532 2477 tergo
553 2429 678 2476 atque
700 2420 773 2461 alis
794 2420 1074 2460 circumventa
1099 2419 1218 2468 acies,
1241 2434 1290 2460 eo
1312 2434 1443 2474 usque
1465 2427 1527 2460 est
1546 2433 1676 2468 caesa,
1698 2426 1776 2460 ut4

418 2590 435 2619 3
459 2583 598 2612 Sinistra
618 2583 687 2619 αἶα]
725 2580 856 2612 Socialis
883 2580 1040 2611 exercitus
1083 2583 1234 2619 tanquam
1251 2590 1381 2620 corpora
1397 2580 1537 2610 eiusdem
1560 2578 1682 2619 generis
1699 2582 1746 2608 at-

377 2633 396 2652 a
423 2624 578 2654 Romanis
603 2624 803 2654 dividebatur
828 2624 859 2653 in
886 2624 950 2653 duo
975 2633 1039 2652 cor·
1083 2632 1145 2661 que
1161 2622 1285 2654 ordinis
1331 2623 1418 2653 Cave
1435 2621 1530 2661 igitur
1551 2621 1603 2651 hic
1624 2620 1745 2660 equites

379 2675 472 2702 pora:
497 2667 631 2696 alterum
654 2667 861 2705 appellabant
880 2667 1040 2696 (letz‘terccm
1084 2664 1250 2703 intelligas.
1296 2665 1398 2694 Fuere
1414 2663 1537 2703 pedites
1552 2662 1637 2693 socii.
1669 2662 1743 2692 Vid.

378 2707 473 2742 alam,
496 2708 630 2737 alterum
653 2710 824 2738 sinistram.
870 2708 984 2746 Itaque
1008 2706 1040 2736 id
1085 2707 1171 2746 Lips.
1189 2707 1227 2736 de
1244 2706 1315 2737 Mil.
1334 2707 1428 2737 Rom.
1445 2705 1475 2736 ii.
1495 2713 1521 2745 7.
1545 2706 1649 2736 CREv.

380 2747 444 2776 fere
460 2753 526 2777 erat
542 2751 594 2778 ala
610 2750 641 2778 in
662 2750 771 2779 sociali
787 2749 939 2785 exercitu,
955 2749 1040 2787 quod
1125 2760 1144 2787 4
1159 2750 1187 2778 A
1206 2754 1290 2787 tergm
1306 2753 1399 2788 atque
1414 2749 1490 2785 alis]
1508 2748 1590 2778 Alae
1605 2745 1656 2776 hic
1671 2748 1744 2775 sunt

382 2788 462 2826 legio
478 2789 508 2818 in
526 2790 681 2821 Romano.
729 2791 816 2821 Hinc
835 2791 936 2830 prima
959 2790 1040 2829 legio
1085 2791 1184 2821 latera
1199 2791 1288 2821 aciei.
1314 2790 1417 2820 CREV.

381 2834 412 2859 et
438 2830 562 2860 sinistra
587 2833 638 2860 ala
668 2832 727 2861 hoc
757 2833 827 2861 loco
857 2833 1040 2869 iunguntur,
