1871 3178
452 114 573 156 11113.
614 113 779 154 XXVI.
832 112 975 153 CAP.
1009 117 1074 153 39.

45 205 206 246 4iustae
236 214 534 246 concurrerunt
558 204 727 253 classes3
760 203 914 259 quippe
943 217 1072 257 quum
1105 202 1146 241 in
1179 202 1341 241 maioris
1369 202 1450 242 dis·
1465 209 1510 242 U.
1527 211 1564 241 (t.
1586 220 1657 250 5⁴²·

46 253 63 283 ⁵
78 263 234 303 crimen
256 263 325 309 rei,
343 277 466 318 quam
490 262 600 318 ipsae
622 270 751 310 crant,
773 267 1028 316 pugnarent:
1064 258 1294 307 Tarentini,
1311 267 1367 307 ut,
1386 274 1449 300 re·
1463 253 1503 284 Α·
1527 254 1564 284 C·
1588 263 1656 284 ²¹0·

45 328 272 375 6cupcrata
293 321 392 360 urbe
415 320 464 359 ab
490 319 688 359 Romanis
719 327 807 373 post
834 316 1106 357 centesimum
1128 331 1255 372 prope
1278 331 1446 365 anuum,

77 392 213 418 arcem
244 378 367 418 etiam
400 377 642 423 liberarent;
675 390 744 430 spe
777 383 1028 414 commeatus
1050 388 1217 428 quoque
1249 372 1447 422 hostibus,

76 434 109 474 si
138 434 271 475 navali
303 433 458 490 proelio
489 432 785 488 possessionem
817 431 937 471 maris
968 430 1230 479 ademissent,
1254 430 1449 470 interclu-

77 507 216 532 suros:
255 491 446 539 Romani,
469 500 526 539 ut,
550 498 708 530 retenta
738 488 992 544 possessione
1024 488 1139 537 arcis,
1166 487 1446 537 ostenderent,

78 564 161 589 non
183 549 221 588 vi
243 557 312 589 aut
334 549 497 595 virtute,
519 547 591 588 sed
613 545 846 602 proditione
868 560 914 585 ac
935 545 1058 594 furto,
1076 545 1305 585 Tarentum
1327 545 1450 585 amis-

75 620 178 646 sum.
241 605 387 660 Itaque
421 619 473 645 ex
510 613 682 658 utraque
719 612 832 659 parte
866 603 983 657 siguo
1014 603 1111 643 dato
1143 617 1272 657 quum
1308 602 1448 643 rostris

76 663 391 710 concurrissent,
420 676 556 716 neque
588 675 733 700 navem
766 660 1014 709 inhiberent,
1046 675 1123 700 nec
1154 659 1290 699 dirimi
1324 659 1374 699 ab
1405 674 1447 700 se

75 719 236 760 hostem
267 728 518 775 paterentur,
542 733 666 773 quam
689 717 781 773 quis
806 717 1001 772 indeptus
1026 732 1173 757 navem
1195 726 1293 765 erat,
1316 717 1448 758 ferrea

75 777 225 817 iniecta
258 791 408 824 manu3
442 776 499 816 ita
527 776 799 815 conserebant
830 790 881 815 cx
913 775 1148 830 propinquo
1177 789 1374 830 pugnam,
1401 783 1447 815 ut

76 849 159 874 non
181 833 400 874 missilibus
422 842 596 881 tantum,
614 832 686 873 sed
707 832 854 887 gladiis
875 832 997 872 etiam
1020 847 1148 887 prope
1170 831 1318 872 collato
1339 831 1445 887 pede

74 899 287 946 gereretur
306 905 381 931 res.
444 889 595 930 I'rorae
618 890 727 930 inter
757 905 798 929 se
830 890 994 930 iunctae
1026 889 1264 939 haerebant,
1286 904 1446 945 puppes

45 962 61 994 7
75 947 209 988 alieno
230 947 402 1003 remigio
423 947 818 1002 circumagebantur.
881 946 945 987 Ita
966 947 1007 987 in
1030 956 1116 987 arto
1138 947 1310 1002 stipatae
1331 956 1448 987 erant

74 1020 210 1053 naves,
246 1014 291 1045 ut
323 1005 391 1045 vix
427 1004 557 1044 ullum
594 1004 721 1044 telum
763 1004 805 1043 in
847 1004 949 1044 mari
984 1020 1135 1044 vanum
1169 1004 1445 1045 intercideret.

75 1061 296 1103 Frontibus
317 1062 429 1102 velut
460 1061 660 1117 pedestris
688 1061 794 1101 acies
816 1061 1030 1116 urgebant,
1053 1062 1301 1117 perviaeque
1324 1076 1448 1101 naves

73 1120 357 1175 pugnantibus
392 1127 520 1159 erant.
589 1118 767 1174 Insignis
801 1127 938 1158 tamen
974 1119 1083 1159 inter
1118 1128 1273 1159 ceteras
1308 1134 1448 1174 pugna

74 1176 153 1216 suit
183 1176 371 1224 duarum,
402 1191 507 1230 quae
539 1176 693 1230 primae
725 1175 900 1229 agminis
930 1186 1224 1216 concurrerant
1254 1176 1361 1216 inter
1391 1191 1444 1216 se.

78 1232 128 1273 In
154 1233 345 1274 Romana
374 1248 477 1273 nave
510 1233 595 1288 ipse
622 1232 845 1280 Quinctius
873 1242 971 1280 crat,
1002 1233 1043 1272 in
1070 1233 1299 1274 Tarentina
1324 1233 1446 1283 Nico,
1462 1245 1606 1281 Quinctii
1621 1250 1653 1276 ct

76 1291 143 1331 cui
166 1290 342 1330 Perconi
364 1289 441 1330 fuit
461 1305 705 1345 cognomen,
729 1305 811 1329 nou
843 1289 1009 1344 publico
1039 1290 1174 1339 modo,
1197 1290 1269 1331 sed
1290 1291 1447 1347 privato
1463 1288 1595 1319 Niconis

76 1347 202 1388 etiam
230 1347 325 1387 odio
358 1347 512 1387 invisus
542 1356 666 1402 atque
693 1347 863 1387 infestus
891 1346 1112 1388 Romanis:
1147 1348 1260 1402 quod
1281 1349 1370 1388 eius
1390 1349 1449 1388 fa-
1461 1337 1631 1362 ⁰⁰¹t³¹¹¹¹⁰¹¹'

76 1404 225 1445 ctionis
257 1414 356 1453 erat,
388 1419 493 1459 quae
528 1404 756 1445 Tarentum
790 1403 1016 1444 Hannibali
1052 1405 1301 1460 prodiderat.
1365 1404 1557 1445 Hic(¹adit

81 1461 341 1509 Quinctium,
373 1460 494 1501 simul
527 1470 781 1517 pugnantem
812 1461 1131 1517 hortantemque
1168 1478 1274 1511 suos,
1307 1463 1449 1504 incau-
1463 1457 1646 1493 Quinctius.

78 1527 167 1559 tum
192 1519 307 1563 hasta
333 1518 556 1573 transfigit:
592 1527 714 1573 atque
744 1517 810 1558 ille
841 1533 1036 1574 praeceps
1072 1534 1165 1559 cum
1200 1521 1322 1561 armis
1354 1536 1449 1577 pro-

76 1575 177 1616 cidit
209 1585 304 1616 ante
335 1590 509 1631 proram.
572 1576 720 1616 Victor
742 1574 1006 1625 Tarentinus,
1034 1576 1077 1616 in
1109 1578 1313 1618 turbatam
1342 1578 1448 1619 duce

77 1633 225 1673 amisso
265 1647 410 1673 navem
452 1632 625 1688 impigre
667 1641 951 1688 transgressus,
994 1649 1123 1689 quum
1163 1636 1450 1677 summovisset

76 1690 226 1739 hostes,
244 1700 286 1731 et
305 1704 425 1745 prora
445 1689 526 1729 iam
544 1689 867 1730 Tarentinorum
889 1700 1007 1740 esset,
1027 1691 1200 1747 puppim
1222 1692 1329 1733 male
1350 1709 1450 1734 con-

75 1746 231 1802 globati
260 1755 475 1787 tuerentur
498 1746 701 1794 Romani3
734 1756 905 1803 repente
937 1757 977 1788 et
1009 1748 1088 1789 alia
1118 1765 1141 1789 a
1170 1750 1301 1806 puppi
1331 1750 1450 1792 trire-

76 1803 153 1844 mis
178 1803 357 1844 hostium
388 1804 588 1860 apparuit.
651 1803 715 1845 Ita
735 1804 778 1844 in
800 1805 938 1845 medio
959 1806 1239 1848 circumventa
1262 1807 1451 1849 Romana
1464 1817 1570 1855 Capta

76 1861 191 1902 navis
231 1861 401 1917 eapitur.
465 1860 579 1902 Hinc
619 1862 765 1902 ceteris
807 1870 937 1903 terror
976 1863 1164 1914 iniectus,
1206 1873 1251 1905 ut
1290 1875 1451 1921 praeto-
1466 1858 1622 1919 praetoria

77 1918 180 1959 riam
210 1934 357 1959 navem
388 1927 551 1974 captam
581 1919 742 1960 videre:
776 1919 1065 1976 fugientesque
1095 1921 1256 1976 passim,
1280 1922 1382 1963 aliae
1408 1924 1450 1963 in
1465 1902 1620 1975 ζῖζζὲιῃο

78 1975 161 2016 alto
181 1990 351 2025 mersae,
375 1975 477 2016 aliae
508 1976 552 2016 in
583 1984 732 2016 terram
763 1977 885 2017 remis
916 1978 1122 2033 abreptae,
1146 1994 1243 2019 mox
1274 1980 1450 2035 praedae

77 2032 192 2073 fuere
214 2033 413 2073 Thurinis
435 2032 833 2088 Metapontinisque.
896 2033 963 2073 Ex
992 2035 1200 2084 onerariis,
1224 2050 1329 2091 quae
1356 2052 1451 2077 cum

79 2098 312 2129 commeatu
342 2090 633 2144 sequebantur,
659 2105 888 2145 perpaucae
920 2091 963 2130 in
993 2100 1239 2146 potestatem
1270 2093 1450 2133 hostium

79 2160 255 2186 venere:
290 2146 404 2195 aliae,
428 2146 479 2186 ad
501 2147 678 2187 incertos
699 2156 843 2187 ventos
870 2147 967 2188 hinc
995 2157 1120 2203 atque
1149 2149 1262 2190 illinc
1284 2150 1452 2206 obliqua

81 2203 371 2244 transferentes
391 2204 493 2252 vela,
516 2204 559 2243 in
581 2204 708 2244 altum
731 2213 896 2245 evectae
919 2214 1026 2245 sunt.

139 2259 418 2315 Nequaquam
443 2261 529 2316 pari
551 2261 717 2302 fortuna
736 2277 810 2317 per
830 2277 900 2302 eos
920 2261 1007 2303 dies
1029 2263 1202 2304 Tarenti
1231 2279 1294 2305 res
1323 2274 1448 2320 gesta.

82 2315 195 2357 Nam
231 2317 284 2357 ad
314 2326 510 2372 quattuor
544 2318 672 2359 millia
705 2319 922 2359 hominum
957 2319 1254 2361 frumentatum
1291 2338 1453 2378 egressa

81 2389 212 2429 quum
242 2374 285 2414 in
316 2374 422 2429 agris
451 2375 600 2429 passim
627 2385 884 2431 vagarentur,
908 2376 1064 2426 Livius,
1088 2378 1159 2432 qui
1188 2379 1270 2419 arci
1300 2379 1453 2434 praesi-

1372 118 1451 153 :323

125 2529 144 2554 4
166 2518 188 2546 I
189 2522 276 2547 ustae
296 2540 304 2547 .
321 2540 328 2547 .
347 2540 353 2547 .
371 2541 377 2546 .
394 2518 523 2553 classes]
560 2518 686 2548 Classes
708 2528 745 2547 eo

83 2558 211 2588 navium
238 2568 370 2588 numero
397 2562 588 2596 constantes,
614 2563 647 2589 ut
676 2569 746 2589 vere

790 2527 863 2547 mox
881 2519 1021 2558 explicat
1039 2520 1157 2551 Livius.
1181 2522 1285 2553 ΟΜΝ.

831 2559 850 2590 6
873 2562 950 2591 Post
972 2563 1171 2592 centesimum
1191 2574 1292 2603 prope
1314 2568 1453 2605 ιιιιηιιηι]

82 2611 119 2631 ac
135 2601 248 2630 merito
264 2601 378 2630 classes
394 2601 455 2630 dici
471 2605 608 2640 possent.
648 2602 745 2631 Nem-

84 2653 124 2681 pe
140 2642 249 2681 viginti
265 2653 362 2672 naves
382 2653 444 2673 non
461 2648 548 2673 enmt
571 2643 653 2673 iusta
669 2645 745 2674 clas-

83 2685 136 2722 sis,
151 2686 205 2715 sed
221 2685 351 2724 aliquod
369 2685 476 2715 classis
492 2685 597 2716 instar.
622 2686 725 2716 Cam.

127 2736 144 2766 5
167 2729 269 2764 Quum
287 2729 319 2757 in
338 2728 479 2765 maioris]
503 2728 614 2763 Quum
630 2728 662 2758 in
677 2728 746 2758 illa-

84 2780 154 2799 rum
178 2780 284 2809 pugna
308 2774 452 2809 ageretur
474 2771 513 2800 de
537 2771 629 2800 rebus
650 2771 746 2800 maio-

84 2812 126 2842 ris
148 2811 300 2842 momenti
318 2823 412 2850 quam
430 2813 541 2850 <planti
562 2813 649 2852 ipsae
670 2814 746 2843 clas-

85 2864 133 2884 ses
148 2859 245 2884 erant.
289 2855 382 2890 Quae
398 2854 459 2884 sint
476 2859 580 2886 autem
599 2855 673 2886 illae
690 2866 748 2888 res.

792 2602 857 2631 Hic
872 2604 1085 2642 sexagesimus
1101 2605 1211 2635 tertius
1233 2617 1335 2637 annus
1353 2609 1456 2648 agitur

791 2645 830 2674 ab
862 2655 909 2681 eo,
936 2656 998 2684 quo
1029 2650 1159 2685 captum
1190 2653 1237 2678 est
1267 2649 1455 2688 Tarentum,

793 2687 828 2717 L.
848 2687 987 2726 Papirio,
1004 2688 1058 2727 Sp.
1076 2689 1227 2727 Carvilio,
1244 2696 1376 2731 utroque
1399 2693 1455 2724 ite-

791 2739 860 2759 rum
880 2731 967 2760 Coss.
989 2741 1082 2770 quem
1110 2742 1166 2762 nos
1190 2743 1394 2765 numeramus
1415 2737 1455 2766 ab

791 2782 874 2802 anno
893 2772 934 2803 U.
949 2773 985 2804 C.
1002 2775 1072 2811 480.
1098 2775 1202 2806 Cam.

837 2822 852 2852 7
869 2816 984 2846 Alieno
998 2818 1144 2855 renziffl'o]
1166 2818 1310 2848 Aliarum
1328 2820 1455 2851 navium

793 2857 933 2896 remigio,
949 2858 1064 2897 quibus
1079 2859 1226 2899 alligatae
1242 2867 1340 2893 erant.
