1877 3178
339 95 421 134 388
853 89 1000 131 ΤΙΤΙ
1040 89 1218 131 LIVII

138 192 184 224 U.
201 191 239 222 C.
262 198 334 230 545.
407 180 625 229 Consules,
656 180 826 221 diversis
856 179 1073 221 itineribus
1102 178 1278 235 profecti
1308 179 1359 219 ab
1389 178 1504 227 urbe,
1535 177 1650 219 velut
1683 178 1728 218 in

139 234 180 265 Α·
204 234 241 264 C.
264 240 335 272 ²07·
348 236 432 278 duo
452 238 606 293 pariter
624 237 733 278 bella
753 236 1039 277 distenderant
1059 251 1175 276 curas
1196 235 1427 283 hominum,
1450 234 1573 274 simul
1592 249 1729 275 recor-

142 331 171 361 A
202 278 271 315 40
350 293 552 342 dantium,
571 309 672 348 quas
692 294 850 348 primus
872 293 1074 333 adventus
1092 291 1343 332 Hannibalis
1363 290 1570 331 intulisset
1584 290 1729 331 Italiae

141 334 305 404 Βὲζξξῗέ
351 350 513 399 clades3
546 350 680 399 simul,
704 364 834 404 quum
856 349 926 389 illa
946 356 1118 403 angeret
1139 362 1249 396 eura,
1273 353 1284 371 ⁶
1301 361 1405 401 quos
1427 355 1510 387 tam
1530 346 1730 401 propitios

142 424 224 446 rum.
353 411 365 429 ⁶
380 407 472 447 urbi
494 414 617 461 atque
639 406 813 461 imperio
829 405 916 446 fore
934 405 1046 453 deos,
1064 412 1111 445 ut
1132 404 1281 444 eodem
1305 411 1487 457 tempore
1510 402 1730 456 utrobique

353 462 611 517 ‘respublica
644 477 837 517 prospere
873 461 1118 517 gereretur?
1161 460 1297 500 adhue
1335 459 1506 499 adversa
1539 458 1732 498 secundis

354 519 594 573 ‘pensando
624 533 712 559 rem
743 518 795 558 ad
825 518 868 558 id
899 526 1062 572 tempus
1093 524 1319 556 extractam
1349 530 1447 555 esse.
1513 514 1659 562 Quum
1688 513 1734 553 in

355 574 504 615 ‘Italia
527 575 580 615 ad
611 575 903 615 Trasimenum
934 582 976 614 et
1010 573 1178 613 Cannas
1210 571 1520 627 praecipitasset
1542 570 1734 610 Romana

355 635 367 654 ⁶
382 646 458 680 res,
487 646 682 686 prospera
708 630 816 671 bella
843 631 887 669 in
914 630 1121 684 Hispania
1152 628 1383 683 prolapsam
1417 642 1509 667 eam
1541 626 1731 666 erexisse.

356 692 367 710 ⁶
383 687 548 735 Postea,
572 702 702 741 quum
723 687 766 726 in
790 686 995 741 Hispania
1015 686 1093 726 alia
1114 700 1237 740 super
1257 684 1378 724 aliam
1400 683 1549 731 clades,
1572 682 1735 723 duobus

357 747 369 765 ⁶
385 743 560 798 egregiis
581 744 756 783 ducibus
778 743 947 791 amissis,
970 742 1074 782 duos
1096 741 1302 782 exercitus
1327 755 1380 780 ex
1406 747 1521 794 parte
1543 738 1734 787 delesset,

357 803 368 821 ⁶
384 799 516 839 multa
543 799 725 839 secunda
752 799 795 838 in
824 798 946 839 Italia
976 798 1198 852 Siciliaque
1226 805 1342 852 gesta
1369 803 1602 851 quassatam
1627 801 1767 835 rem-6

357 855 593 909 ‘publicam
621 855 856 909 excepisse:
890 863 933 895 et
965 855 1101 909 ipsum
1134 853 1396 894 intervallum
1428 852 1520 900 loci,
1547 850 1662 906 quod
1691 851 1736 890 in

358 916 369 934 ⁶
386 911 541 950 ultimis
572 919 772 951 terrarum
803 911 883 951 oris
911 910 1085 950 alterum
1117 909 1273 950 bellum
1306 916 1530 963 gereretur,
1557 907 1737 962 spatium

359 971 370 989 ⁶
385 967 547 1007 dedisse
576 966 629 1006 ad
656 966 954 1021 respirandum.
1018 966 1147 1006 Nunc
1172 966 1256 1005 duo
1284 965 1393 1006 bella
1418 964 1463 1004 in
1484 963 1648 1004 Italiam
1670 978 1736 1004 ae-

359 1027 518 1076 ⁶cepta,
541 1022 625 1062 duo
654 1021 912 1062 celeberrimi
939 1022 1119 1062 nominis
1144 1021 1271 1062 duces
1298 1021 1562 1061 circumstare
1590 1020 1737 1060 urbem

359 1083 370 1101 ⁶
387 1078 637 1127 Romanam,
655 1086 697 1118 et
718 1093 849 1118 unum
870 1078 915 1117 in
934 1077 1073 1118 locum
1095 1086 1224 1118 totam
1239 1077 1413 1132 periculi
1430 1076 1596 1125 molem,
1614 1090 1737 1116 omne

360 1139 372 1157 ⁶
387 1149 491 1174 onus
523 1134 771 1174 incubuisse.
837 1133 923 1181 Qui
948 1149 1092 1174 eorum
1119 1134 1232 1189 prior
1255 1133 1430 1182 vicisset,
1452 1132 1560 1172 intra
1586 1146 1738 1186 paucos

360 1195 372 1213 ⁶
388 1189 476 1230 dies
498 1198 629 1230 eastra
650 1205 744 1231 eum
767 1190 896 1230 altero
918 1190 1185 1230 iuncturum.7
1241 1189 1444 1229 Terrebat
1464 1196 1506 1229 et
1526 1188 1739 1243 proximus

359 1260 492 1286 annus
527 1246 712 1301 lugubris
747 1246 925 1286 duorum
967 1246 1184 1287 consulum
1219 1246 1445 1286 funeribus.
1508 1244 1588 1284 His
1624 1243 1738 1284 anxii

359 1302 468 1343 curis
487 1302 677 1343 homines
698 1302 982 1357 digredientes
1002 1303 1045 1342 in
1066 1302 1298 1357 provincias
1323 1300 1512 1341 consules
1532 1299 1740 1356 prosecuti

152 1367 236 1399 Livii
252 1378 313 1398 vox
359 1366 466 1399 sunt.
529 1358 761 1399 Memoriae
783 1358 995 1412 proditum
1017 1367 1090 1406 est,
1108 1358 1280 1412 plenum
1302 1357 1438 1397 adhuc
1460 1357 1544 1397 irae
1565 1357 1609 1396 in
1630 1356 1741 1397 cives

150 1411 248 1472 plena
263 1411 328 1441 irae
360 1414 422 1455 M.
447 1414 628 1463 Livium,
658 1414 711 1454 ad
740 1414 895 1454 bellum
926 1414 1270 1468 proficiscentem,
1299 1413 1488 1453 monenti
1522 1412 1574 1460 Q.
1599 1412 1740 1461 Fabio,

151 1461 184 1481 ¹¹¹
200 1462 293 1484 cues.
362 1476 454 1519 ‘ne,
480 1470 722 1525 priusquam
753 1485 885 1524 genus
915 1470 1097 1510 hostium
1127 1478 1357 1525 cognosset,
1384 1477 1539 1509 temere
1570 1482 1741 1509 manum

363 1527 649 1575 ί00115010101,7
684 1526 969 1580 respondisse:
1011 1532 1022 1549 ⁶
1040 1526 1126 1567 Ubi
1160 1526 1342 1581 primum
1377 1525 1559 1565 hostium
1591 1539 1742 1580 agmen

363 1588 375 1606 ⁶
390 1583 685 1636 conspexisset,
731 1582 1039 1636 pugnaturum.'
1115 1582 1259 1629 Quum
1309 1589 1588 1636 quaereretur,
1635 1595 1741 1636 quae

362 1652 485 1678 causa
503 1637 729 1678 festinandi
750 1639 889 1678 esset?
950 1643 961 1661 ⁶
978 1639 1069 1678 Aut
1096 1653 1147 1678 ex
1173 1638 1290 1678 hoste
1317 1638 1524 1692 egregiam
1544 1636 1742 1692 gloriam,’

362 1694 514 1749 inquit,
548 1699 559 1717 ⁶
574 1701 645 1733 aut
670 1708 722 1733 ex
744 1694 901 1733 civibus
921 1694 1039 1734 vietis
1066 1694 1280 1749 gaudium,
1302 1694 1498 1734 meritum
1519 1702 1642 1745 certe,
1665 1692 1743 1734 etsi

365 1755 377 1773 ⁶
393 1764 479 1790 non
500 1749 735 1798 honestum,
759 1750 944 1804 capiam.'

420 1805 671 1860 Priusquam
709 1805 910 1849 Claudius
945 1805 1089 1845 consul
1125 1806 1169 1845 in
1204 1805 1458 1860 provinciam
1493 1805 1741 1859 perveniret,

363 1875 438 1917 per
458 1869 691 1901 extremum
707 1861 834 1901 finem
856 1862 943 1916 agri
961 1861 1167 1901 Larinatis
1183 1862 1407 1902 ducentem
1429 1861 1473 1901 in
1493 1861 1742 1901 Sallentinos

364 1917 593 1958 exereitum
620 1917 901 1957 Hannibalem
933 1932 1028 1958 cum
1057 1918 1262 1972 expeditis
1291 1918 1530 1958 cohortibus
1560 1917 1740 1966 adortus,
1757 1930 1774 1963 7

367 1972 416 2014 C.
445 1973 650 2014 Hostilius
686 1973 878 2013 Tubulus
913 1973 1188 2028 incomposito
1224 1974 1379 2028 agmini
1415 1973 1640 2014 terribilem
1677 1981 1743 2014 tu-

363 2029 543 2069 multum
582 2029 735 2070 intulit.
799 2029 872 2069 Ad
912 2037 1108 2084 quattuor
1147 2029 1276 2070 millia
1316 2029 1535 2070 hominum
1576 2029 1741 2078 occidit,

362 2099 514 2126 novem
557 2086 673 2140 signa
714 2085 908 2126 militaria
949 2086 1072 2141 cepit.
1134 2085 1328 2126 Moverat
1371 2100 1423 2126 ex
1465 2085 1648 2126 hibernis
1689 2085 1744 2126 ad

363 2141 515 2182 famam
547 2141 674 2182 hostis
712 2141 764 2189 Q.
792 2141 1008 2190 Claudius,
1041 2142 1113 2197 qui
1146 2157 1221 2197 per
1250 2143 1372 2183 urbes
1402 2142 1488 2196 agri
1524 2141 1743 2182 Sallentini

363 2205 495 2238 castra
515 2197 712 2252 disposita
732 2198 920 2239 habebat.
982 2197 1145 2253 Itaque,
1168 2213 1220 2238 ne
1246 2213 1341 2239 cum
1363 2198 1526 2238 duobus
1550 2197 1742 2239 exerciti-

362 2254 440 2294 bus
470 2253 592 2294 simul
623 2254 877 2309 confligeret,
902 2253 1117 2294 Hannibal
1148 2263 1270 2295 nocte
1302 2262 1433 2294 castra
1459 2269 1511 2294 ex
1539 2269 1637 2309 agro
1659 2254 1743 2295 Ta-

362 2310 527 2351 rentino
560 2310 700 2359 movit,
732 2319 856 2365 atque
891 2310 936 2350 in
967 2309 1152 2351 Bruttios
1183 2310 1397 2351 concessit.
1461 2310 1663 2351 Claudius
1698 2310 1743 2350 in

366 2365 615 2407 Sallentinos
650 2381 800 2422 agmen
835 2366 1050 2407 convertit.
1114 2366 1332 2416 Hostilius,
1364 2368 1554 2422 Capuam
1581 2374 1741 2421 petens,

363 2500 439 2520 mox
468 2500 625 2529 pugnasse
652 2492 694 2521 ad
725 2490 926 2522 Placentiam
957 2501 1031 2521 cuni
1076 2492 1163 2529 dam,
1185 2501 1247 2530 quo
1268 2494 1416 2530 quassata
1437 2490 1633 2530 reipublicae
1654 2490 1744 2522 navis

363 2532 551 2571 Sempronio
574 2533 705 2563 consule
720 2532 796 2564 ibid.
814 2540 863 2573 59.
911 2532 1031 2563 Utrum
1076 2533 1286 2572 exciperetur.
1310 2534 1415 2564 CREV.

362 2574 516 2604 memoria
541 2574 690 2604 fefellerit
715 2574 777 2604 hoe
803 2575 874 2605 loco
902 2574 1030 2606 Livium
1120 2582 1136 2614 7
1160 2575 1240 2605 Cum
1263 2576 1418 2614 eoepedz'tis
1441 2574 1634 2612 cohortibus]
1667 2574 1741 2605 Put.

362 2624 402 2644 an
424 2616 696 2654 oppugnationem
713 2615 859 2655 Emporii
882 2616 1030 2647 tentatio-
1075 2626 1139 2646 non
1155 2616 1295 2655 agnoscit
1316 2616 1593 2655 praepositionem.
1638 2615 1682 2645 Et
1697 2615 1743 2645 sic

362 2665 436 2685 nem
462 2657 558 2687 fuisse
587 2658 774 2688 Placentiae
804 2657 1032 2698 interpretatus
1076 2668 1171 2697 saepe
1186 2661 1275 2688 amat
1297 2657 1385 2696 loqui
1401 2658 1520 2688 Livius.
1545 2658 1650 2688 CREV.
1694 2656 1741 2687 Si-

363 2696 414 2733 sit‚
429 2697 461 2726 in
476 2698 583 2728 medio
599 2699 817 2738 relinquimus.
1072 2699 1191 2730 militer
1215 2699 1343 2737 Graeci,
1364 2702 1399 2729 ut
1423 2698 1521 2729 cuivis
1546 2702 1658 2729 notum
1683 2700 1740 2734 est,

390 2736 429 2784 ,6
454 2739 643 2774 Quassatam
678 2742 906 2780 rempublicam
941 2752 1027 2772 exce·
1073 2741 1342 2780 praepositionem
1375 2739 1434 2770 σύν
1462 2739 1624 2771 omittunt.
1655 2738 1739 2770 Bek-

361 2780 461 2816 prsse]
508 2780 619 2811 Fuisse
648 2782 737 2820 quasi
772 2786 901 2821 portum
931 2793 1027 2821 quen-
1072 2784 1167 2814 kei-us
1183 2782 1326 2814 codicem
1343 2783 1417 2814 Put.
1434 2781 1584 2820 sequitur.
