1809 3178
508 136 625 178 LIB.
659 136 805 178 XXII.
849 139 933 178 (JA
949 140 992 180 P.
1028 147 1091 182 23.
1437 154 1488 189 83

115 229 200 261 arte
221 223 467 278 aggreditur.
533 227 677 268 Castra
698 237 815 269 extra
831 230 974 270 urbem
998 232 1037 271 in
1061 233 1149 288 ipso
1171 234 1288 275 litore
1311 236 1485 280 habebat
1506 252 1543 281 ι’.
1563 254 1598 282 (¹.
1623 263 1691 290 535·

86 285 102 316 7
117 277 274 325 Bostar,
295 289 339 320 ut
355 282 511 323 aditum
529 299 577 324 ea
593 293 706 339 parte
725 286 1019 329 intercluderet
1035 289 1245 332 Romanis.
1313 293 1369 333 lbi
1389 311 1481 336 enm
1500 296 1535 324 A.
1561 297 1597 324 (Γ,
1622 306 1690 334 ²¹7—

114 336 157 376 in
177 345 378 378 secretum
402 341 638 389 abductum,
661 342 773 383 velut
801 344 1071 399 ignorantem,
1096 358 1248 398 monet,
1272 365 1354 405 quo
1376 362 1483 394 statu

111 393 164 434 sit
195 409 268 435 res.
333 397 521 438 ‘Melum
555 400 805 441 continuisse
839 402 892 442 ad
927 418 1015 443 eam
1052 405 1164 445 diem
1200 406 1480 462 Hispanorum

113 451 308 499 ‘animos‚
332 455 428 509 qnia
456 456 599 511 procul
634 457 808 498 Romani
843 460 1054 502 abessent:
1099 478 1209 504 nunc
1237 464 1295 504 cis
1318 465 1479 507 Iberum

112 513 265 550 ‘castra
307 511 494 553 Romana
528 528 628 563 esse,
663 529 798 555 arcem
839 525 970 558 tutam
1004 520 1320 577 perfugiumque
1357 539 1481 565 novas

110 570 122 588 ‘
138 566 371 608 volentibus
392 584 465 610 res.
531 570 687 626 Itaque,
711 588 814 628 quos
835 584 968 615 metus
999 591 1081 616 non
1106 586 1255 627 teneat,
1279 580 1480 623 beneficio

110 627 122 646 ‘
138 632 179 664 ct
199 626 329 679 gratia
349 627 643 669 devinciendos
660 631 772 670 essc.'
832 631 1003 673 Miranti
1030 634 1189 675 Bostari
1208 648 1480 691 pereunctan-

107 680 235 735 tique‚
259 684 468 738 quodnam
497 685 538 725 id
569 686 751 727 subitum
781 696 916 730 tantae
939 691 996 730 rei
1022 691 1179 732 donum
1210 695 1336 748 possit
1362 699 1479 737 esse?

107 742 119 760 ‘
138 739 340 789 Obsides:
375 741 523 796 inquit,
559 743 627 783 ‘in
667 745 852 786 civitates
883 748 1058 789 remitte.
1122 749 1171 790 Id
1212 760 1253 791 et
1288 753 1477 807 privatim

106 798 382 851 ‘pai·entibuS‚
415 815 591 853 quorum
630 802 858 843 maximum
889 820 1042 846 nomen
1080 807 1121 846 in
1154 808 1386 851 civitatibus
1417 822 1477 852 est

105 854 223 903 ‘suis‚
255 863 297 895 et
326 856 490 910 publice
520 858 683 913 populis
713 871 875 915 gratum
910 863 997 903 erit.
1061 863 1164 905 Vult
1194 866 1270 906 sibi
1301 869 1475 924 quisque

103 911 257 961 ‘credi,
294 922 335 952 et
375 912 514 954 habita
550 915 652 956 fides
691 916 821 972 ipsam
861 919 1106 976 plerumque
1147 923 1301 979 obligat
1336 926 1472 967 fidem.

103 971 115 989 ‘
131 967 413 1010 Ministerium
441 972 789 1014 restituendorum
812 975 955 1018 domos
980 978 1170 1019 obsidum
1193 982 1382 1023 mihimet
1402 984 1474 1024 dc-

102 1029 250 1080 ‘posco
280 1026 380 1082 ipse,
404 1036 449 1069 ut
476 1044 601 1085 opera
630 1046 797 1087 quoque
819 1033 1006 1090 impensa
1035 1037 1253 1078 eonsilium
1281 1040 1472 1081 adiuvem

101 1087 113 1105 ‘
125 1097 278 1133 meum,
293 1093 334 1125 et
350 1086 406 1126 rei
422 1096 565 1142 suapte
580 1097 726 1129 natura
738 1099 890 1144 gratae,
906 1101 1103 1146 quantam
1118 1094 1286 1150 insuper
1299 1099 1471 1151 gratiam

66 1145 111 1178 8‘
125 1141 289 1195 possim,
311 1142 528 1184 adiiciam!
588 1145 775 1195 Homini,
790 1163 875 1187 non
896 1149 948 1189 ad
969 1158 1105 1191 cetera
1127 1151 1286 1194 Punica
1307 1155 1472 1209 ingenia

97 1197 259 1248 callido,
296 1209 342 1240 ut
382 1203 594 1255 persuasit,
631 1211 752 1243 nocte
788 1204 893 1245 clam
933 1221 1169 1261 progressus
1205 1210 1255 1249 ad
1291 1210 1469 1253 hostium

96 1255 305 1305 stationes,
327 1259 540 1298 conventis
562 1260 809 1313 quibusdam
835 1263 1101 1304 auxiliaribus
1125 1264 1334 1321 HispaniS,
1357 1278 1399 1310 et
1419 1271 1470 1311 ab

96 1311 146 1351 iis
165 1312 217 1352 ad
241 1312 479 1368 Scipionem
500 1316 736 1370 perductuS,
760 1318 861 1372 quid
889 1320 1064 1370 afferret,
1087 1325 1304 1378 expromit.
1367 1326 1468 1367 Fide

96 1378 265 1425 accepta
292 1371 484 1426 dataque,
507 1388 552 1413 ac
582 1373 672 1414 loco
700 1383 741 1415 ct
767 1384 950 1431 tempore
976 1379 1199 1420 constituto
1230 1381 1282 1421 ad
1307 1383 1468 1424 obsides

96 1426 330 1476 tradendos,
357 1428 588 1483 Saguntum
620 1431 748 1479 redit3
791 1432 903 1473 diem
924 1434 1214 1490 insequentem
1242 1439 1469 1495 absumpsit

93 1498 189 1524 cum
240 1483 424 1535 Bostare,
468 1487 670 1528 mandatis
720 1489 773 1529 ad
812 1503 900 1530 rem
950 1492 1153 1547 agendam
1203 1495 1465 1551 accipiendis.

94 1540 312 1590 Dimissus,
336 1558 465 1598 quum
493 1559 535 1584 se
558 1554 678 1585 nocte
699 1545 867 1596 iturum,
889 1556 936 1588 ut
965 1549 1171 1590 custodias
1192 1551 1371 1593 hostium
1393 1555 1468 1595 fal-

92 1597 207 1647 leret,
230 1600 520 1650 constituisset,
543 1601 596 1642 ad
623 1604 893 1658 compositam
918 1620 1013 1646 cum
1035 1606 1084 1647 iis
1111 1607 1256 1649 horam
1278 1611 1466 1652 excitatis

91 1656 329 1697 custodibus
346 1672 568 1712 puerorum
585 1660 803 1714 profectus,
821 1661 949 1703 veluti
966 1663 1132 1719 ignarus
1148 1665 1191 1705 in
1206 1678 1465 1723 praeparatas

90 1727 163 1753 sua
196 1713 338 1754 fraude
375 1714 543 1756 insidias
578 1716 704 1757 ducit.
767 1717 818 1758 In
854 1728 985 1760 castra
1026 1721 1218 1763 Romana
1248 1725 1516 1779 perductizln
1535 1744 1636 1770 castra

89 1778 226 1811 cetera
260 1771 400 1812 omnia
433 1772 485 1812 de
519 1773 741 1815 reddendis
774 1776 996 1827 obsidibus
1025 1779 1131 1820 sicut
1163 1795 1258 1821 cum
1292 1781 1461 1825 Bostare
1477 1780 1644 1852 R⁰¹¹l¹³²P³q

88 1827 359 1869 constitutum
380 1838 479 1879 erat,
501 1839 592 1871 acta
611 1846 686 1887 per
706 1833 887 1874 eundem
908 1835 1109 1885 ordinem,
1125 1852 1209 1892 quo
1231 1838 1263 1878 si
1288 1839 1462 1882 Cartha·
1474 1832 1540 1894 Ξᾞζ
1551 1828 1651 1896 „¹258st

87 1884 337 1940 giniensium
365 1887 534 1928 nomine
565 1888 622 1929 sic
643 1898 844 1945 ageretur.
906 1891 1044 1933 Maior
1064 1893 1275 1949 aliquanto
1308 1897 1462 1939 Roma·
1475 1907 1591 1946 Scipio.

87 1956 235 1982 norum
262 1944 394 1998 gratia
414 1944 492 1985 fuit
516 1945 559 1985 in
587 1960 630 1986 re
660 1947 761 2002 pari,
784 1963 909 2003 quam
935 1958 1090 2004 quanta
1119 1952 1257 1993 futura
1285 1952 1462 1996 Cartha-

86 1998 337 2054 giniensium
352 2000 497 2042 fuerat.
559 2002 657 2043 Illos
678 2004 802 2053 enim,
819 2020 963 2061 graves
983 2009 1263 2064 superbosque
1280 2011 1323 2051 in
1339 2013 1460 2054 rebus

86 2057 278 2097 secundis
298 2067 503 2114 expertos,
517 2059 682 2101 fortuna
702 2070 744 2102 et
764 2062 887 2104 timor
906 2064 1112 2119 mitigasse
1134 2066 1264 2107 videri
1284 2077 1456 2123 poterat.

86 2112 302 2155 Romanus
332 2116 465 2171 primo
496 2116 690 2167 adventu,
712 2118 948 2175 incognitus
978 2131 1086 2171 ante,
1112 2123 1162 2163 ab
1193 2138 1235 2164 re
1263 2125 1458 2168 clementi

84 2169 325 2227 liberalique
356 2173 523 2214 initium
542 2175 718 2217 fecerat:
761 2185 801 2217 et
836 2177 1015 2228 Abelux,
1038 2179 1099 2219 vir
1128 2180 1322 2235 prudens,
1345 2183 1457 2225 haud

84 2227 232 2269 frustra
251 2229 468 2271 videbatur
490 2232 622 2273 socios
649 2241 838 2275 mutasse.
901 2234 1048 2291 Itaque
1068 2237 1230 2293 ingenti
1254 2254 1457 2282 consensu

85 2283 361 2327 defectionem
407 2303 551 2329 omnes
596 2298 802 2345 spectare:
854 2307 1049 2348 armaque
1090 2296 1298 2351 extemplo
1345 2308 1457 2339 mota

83 2340 230 2391 forent,
248 2343 291 2382 ni
312 2343 455 2395 hiems,
474 2361 580 2401 quae
604 2346 816 2389 Romanos
837 2364 1003 2405 quoque
1025 2359 1067 2391 et
1091 2351 1454 2408 Carthaginienses

83 2398 311 2440 concedere
332 2401 376 2440 in
390 2410 498 2442 tecta
518 2403 666 2459 coegit,
688 2404 986 2447 intervenisset.

141 2454 259 2496 Haec
286 2456 330 2495 in
359 2456 562 2513 Hispania
594 2475 761 2516 quoque
792 2463 974 2503 secunda
1003 2473 1154 2505 aestate
1186 2465 1335 2506 Punici
1356 2467 1451 2508 belli
1528 2479 1592 2516 23,

81 2521 207 2567 gesta,
230 2528 359 2567 quurn
387 2514 430 2554 in
452 2514 572 2556 Italia
600 2517 785 2572 paullum
809 2519 1013 2560 intervalli
1040 2520 1223 2562 cladibus
1252 2522 1451 2566 Romanis

80 2569 220 2610 sollers
251 2570 458 2611 cunctatio
489 2571 605 2612 Fabii
625 2573 808 2615 fecisset:
842 2590 948 2630 quae
980 2584 1026 2617 ut
1057 2576 1337 2620 Hannibalem
1367 2595 1452 2622 non

81 2626 280 2668 mediocri
320 2627 540 2668 sollicitum
575 2644 674 2670 cura
711 2630 901 2681 habebat,
938 2633 1107 2674 tandem
1146 2649 1241 2675 eum
1282 2636 1450 2680 militiae

124 2801 140 2832 7
168 2795 210 2825 Ut
225 2795 346 2825 aditam
361 2805 398 2826 ea
412 2800 505 2834 parte
574 2796 742 2833 Romanis]
831 2797 850 2826 8
872 2798 926 2827 Ad
949 2803 1053 2829 cetera
1078 2801 1207 2831 Punica
1233 2803 1363 2842 inyenia
1388 2807 1449 2835 cal·

79 2837 211 2866 Aditum
237 2847 276 2867 ea·
304 2842 399 2876 portu
425 2838 518 2868 Crev.
545 2842 575 2868 et
608 2837 744 2869 Bekker.
789 2840 868 2877 licio]
895 2840 1029 2870 Homini
1051 2852 1114 2872 non
1137 2846 1202 2873 tam
1223 2845 1339 2875 callido
1354 2856 1448 2885 quani

79 2882 214 2908 servant.
789 2881 891 2911 solent
908 2892 974 2912 esse
991 2884 1112 2915 Punica
1128 2884 1262 2924 ingenia.
1286 2888 1389 2919 (ἷκεν.

1149 2932 1220 2967 G2
