1877 3178
365 109 447 146 438
872 105 1017 146 TITI
1057 104 1234 146 LIVII

168 202 210 232 U.
229 204 265 233 C.
289 195 508 241 546.omnis
535 196 743 250 equitatus
770 195 812 234 111
837 194 968 235 aciem
990 193 1217 234 descendit.
1284 193 1411 240 Quod
1438 192 1644 247 reliquum
1671 206 1744 246 pe-

167 245 206 275 A.
231 246 268 275 C.
291 244 362 276 ²06·
374 252 509 292 ditum
530 261 629 301 erat,
652 252 821 306 obliquo
843 251 1147 291 constituerunt
1168 249 1283 290 colle.
1332 248 1483 303 Scipio,
1501 263 1575 303 pro
1596 264 1638 288 se
1655 262 1742 288 esse

373 309 452 349 1061
474 309 682 363 angustias
702 317 825 356 ratus,
848 316 889 348 et
911 307 1024 362 quod
1048 307 1092 346 in
1116 315 1203 347 arto
1224 320 1365 361 pugna
1387 305 1579 345 Romano
1599 305 1743 359 aptior,

373 380 497 420 quam
531 365 720 420 Hispano
756 364 889 413 militi,
921 364 1060 404 futura
1093 363 1323 411 videbatur,
1355 370 1397 402 et
1426 361 1539 416 quod
1570 361 1613 400 in
1648 374 1743 400 eum

373 422 511 463 locum
532 422 716 462 detracta
735 421 917 462 hostium
938 421 1045 461 acies
1066 428 1183 468 esset,
1206 419 1279 474 qui
1305 434 1390 459 non
1418 432 1585 458 omnem
1606 416 1746 457 multi-

374 478 564 519 tudinem
596 493 739 519 eorum
767 485 945 532 caperet,
974 492 1081 518 novo
1114 476 1239 516 etiam
1272 475 1443 516 consilio
1476 474 1628 514 adiecit
1658 473 1746 513 ani-

374 549 515 575 mum:
549 535 733 590 equitem
764 549 841 575 1166
872 549 914 574 56
942 549 1059 589 posse
1088 531 1342 574 circumdare
1371 531 1564 571 cornibus
1590 531 1635 570 in
1661 538 1746 570 tam

375 599 549 646 angusto
589 591 746 646 spati03
798 599 840 630 et
879 590 999 639 hosti,
1041 604 1166 644 quem
1206 603 1301 629 cum
1342 588 1481 643 pedite
1521 587 1745 635 eduxisset,

374 648 565 688 inutilem
593 648 689 688 fore.
753 647 898 702 Itaque
927 647 1102 702 imperat
1123 645 1280 694 Laelio,
1303 654 1349 685 ut
1376 659 1450 700 per
1477 644 1601 684 colles
1622 657 1747 698 quam

375 704 652 745 occultissimo
701 704 849 745 itinere
899 703 1180 744 circumducat
1235 702 1408 757 equites,
1460 708 1745 755 segregetque,

375 769 577 815 quantum
594 761 733 815 possit,
751 769 985 815 equestrem
1006 775 1030 800 a
1050 759 1229 814 pedestri
1251 773 1445 813 pugnam.
1493 757 1587 812 Ipse
1610 755 1750 796 omnia

374 818 491 872 signa
510 817 697 872 peditum
719 817 762 857 in
784 817 921 857 hostes
942 817 1087 857 vertit:
1123 824 1318 870 quattuor
1338 814 1528 854 cohortes
1549 813 1592 854 in
1613 813 1747 853 fronte

374 875 528 922 statuit,
561 874 659 928 quia
690 873 812 913 latius
843 873 1025 927 pandere
1062 873 1191 912 aciem
1228 886 1314 911 non
1348 879 1520 926 poterat.
1583 869 1748 909 Moram

373 930 589 984 pugnandi
614 929 770 969 nullam
791 929 902 978 fecit,
925 938 970 969 ut
995 929 1084 983 ipso
1109 928 1332 969 certamine
1354 934 1558 967 averteret
1578 926 1628 966 ab
1649 940 1749 966 con—

374 995 518 1040 spectu
539 985 843 1026 transeuntium
867 1000 942 1040 per
962 985 1086 1025 colles
1107 985 1307 1039 equitum.
1371 983 1524 1038 Neque
1550 991 1645 1023 ante
1671 982 1749 1022 cir-

374 1041 618 1082 cumductos
648 1056 824 1089 sensere,
857 1056 982 1096 quam
1014 1041 1239 1081 tumultum
1270 1040 1472 1094 equestris
1502 1053 1666 1094 pugnae
1697 1039 1748 1078 ab

170 1110 331 1140 Proelium
376 1108 490 1153 tergo
507 1113 714 1153 accepere.
763 1097 827 1137 Ita
843 1097 927 1138 duo
948 1097 1106 1152 proelia
1125 1105 1265 1137 erant:
1290 1096 1396 1136 duae
1417 1096 1607 1150 peditum
1629 1095 1748 1144 acies,

168 1156 269 1182 atrox.
374 1155 458 1196 duo
480 1155 688 1210 equitatus
708 1169 784 1209 per
804 1153 1108 1209 longitudinem
1130 1153 1278 1208 campi,
1301 1154 1399 1208 quia
1423 1152 1584 1194 misceri
1605 1166 1658 1191 ex
1678 1166 1750 1206 ge-

375 1227 473 1252 nere
502 1220 678 1266 utroque
706 1210 910 1266 proelium
939 1211 1152 1265 angustiae
1181 1225 1265 1250 non
1293 1210 1569 1264 patiebantur,
1591 1223 1746 1263 pugna-

375 1270 484 1310 bant.
549 1268 833 1323 Hispanorum
861 1282 991 1322 quum
1022 1282 1158 1322 neque
1187 1266 1315 1322 pedes
1343 1266 1488 1321 equiti,
1517 1280 1595 1305 1166
1623 1279 1751 1320 eques

374 1325 505 1380 pediti
527 1325 683 1365 auxilio
704 1333 822 1374 esset,
840 1324 968 1379 pedes
990 1323 1142 1364 fiducia
1162 1323 1313 1378 equitis
1335 1333 1489 1363 temere
1511 1321 1752 1362 commissus

375 1397 521 1437 campo
538 1381 793 1430 caederetur,
809 1396 936 1436 eques
949 1381 1255 1421 circumventus
1271 1395 1348 1432 nee
1365 1379 1549 1435 peditem
1565 1394 1589 1419 a
1600 1378 1749 1427 fronte,
1763 1392 1783 1422 8

375 1439 476 1493 (iam
510 1439 622 1478 enim
656 1447 804 1479 stratae
837 1437 1048 1493 pedestres
1084 1438 1226 1492 copiae
1263 1436 1400 1489 erant)
1438 1450 1515 1476 nec
1551 1435 1601 1476 ab
1635 1444 1750 1490 tergo

374 1495 559 1549 equitem
588 1495 821 1543 sustineret,
844 1503 886 1535 et
912 1495 1002 1550 ipsi,
1026 1509 1156 1549 quum
1185 1494 1257 1534 diu
1285 1494 1328 1533 in
1357 1493 1499 1533 orbem
1525 1507 1612 1532 sese
1640 1500 1751 1532 stan-

170 1558 353 1604 Vincuntur
377 1552 484 1592 tibus
512 1552 630 1606 equis
657 1551 951 1599 defendissent,
974 1551 1026 1591 ad
1055 1566 1184 1591 unum
1213 1565 1356 1591 01111165
1384 1550 1490 1590 caesi
1518 1558 1639 1589 sunt:
1674 1563 1751 1588 nec

170 1600 317 1638 H1span1.
376 1608 596 1662 quisquam
624 1608 813 1662 peditum
842 1608 1114 1662 equitumque
1143 1607 1356 1662 superfuit,
1380 1606 1452 1661 qui
1480 1606 1521 1645 in
1544 1605 1648 1646 valle
1674 1620 1751 1660 pu-

376 1673 617 1719 gnaverunt.
680 1664 822 1704 Tertia
861 1679 965 1718 pars,
1007 1679 1112 1718 quae
1154 1664 1197 1703 in
1237 1663 1340 1704 colle
1377 1663 1429 1703 ad
1469 1661 1751 1717 spectaculum

376 1720 506 1775 magis
539 1729 687 1768 tutum,
710 1735 835 1774 quam
868 1720 920 1759 ad
953 1730 1110 1774 partem
1144 1735 1307 1774 pugnae
1341 1719 1647 1773 capessendam,
1670 1727 1751 1758 ste-

378 1786 494 1825 terat,
517 1786 557 1817 et
579 1777 715 1817 locum
737 1785 778 1816 et
799 1785 962 1830 tempus
987 1776 1039 1816 ad
1058 1776 1304 1830 fugiendum
1327 1775 1482 1815 habuit.
1545 1774 1661 1814 Inter
1681 1789 1751 1814 eos

377 1842 418 1873 et
452 1833 584 1888 reguli
621 1833 697 1888 ipsi
733 1833 952 1887 fugeruntg
991 1833 1232 1887 priusquam
1265 1840 1351 1872 tota
1383 1831 1752 1872 circumveniretur

233 1891 297 1927 34.
377 1890 496 1938 acies,
534 1890 642 1930 inter
675 1889 899 1929 tumultum
936 1888 1074 1943 elapsi.
1139 1888 1285 1928 Castra
1319 1888 1467 1929 eodem
1497 1887 1565 1927 die
1599 1886 1751 1942 Hispa-

377 1961 538 1994 norum,
561 1955 724 2001 praeter
753 1945 955 2000 reliquam
987 1945 1195 2000 praedam,
1218 1960 1313 1985 cum
1344 1945 1473 1985 tribus
1499 1944 1627 1983 ferme
1658 1943 1750 1983 mil-

376 2003 482 2043 libus
527 2003 744 2042 hominum
789 2002 1018 2057 capiuntur.
1096 2001 1278 2041 Romani
1317 2001 1499 2055 sociique
1541 2000 1593 2040 ad
1637 1999 1750 2040 mille

376 2059 546 2099 ducenti
568 2074 617 2099 eo
638 2059 795 2114 proelio
812 2058 1075 2099 ceciderunt:
1100 2057 1314 2098 vulnerata
1334 2057 1511 2112 amplius
1533 2057 1610 2096 tria
1624 2056 1753 2097 millia

376 2116 605 2156 hominum.
669 2115 815 2155 Minus
850 2123 1023 2155 cruenta
1057 2114 1228 2154 victoria
1262 2114 1417 2162 fuisset,
1451 2114 1484 2154 si
1519 2112 1750 2168 patentiore

377 2187 536 2227 campo,
559 2181 601 2212 et
621 2171 673 2211 ad
694 2172 834 2226 fugam
855 2170 1146 2226 capessendam
1167 2170 1275 2210 facili
1296 2170 1401 2211 foret
1422 2178 1663 2224 pugnatum.

171 2233 365 2286 Μίῑιξᾱςωίυε
434 2228 637 2277 Indibilis,
667 2227 837 2268 abiectis
868 2227 967 2268 belli
1000 2227 1192 2275 consiliis,
1222 2226 1327 2266 nihil
1356 2227 1482 2266 tutius
1515 2227 1558 2266 in
1590 2226 1751 2266 afflictis

169 2276 345 2346 {ss‘glff‘jffl‘ffj'
377 2285 498 2325 rebus
515 2293 685 2339 experta
701 2284 783 2324 fide
806 2292 848 2324 et
869 2284 1090 2323 clementia
1109 2283 1312 2338 Scipionis
1329 2292 1452 2330 ratus,
1472 2282 1751 2323 Mandonium

171 2327 542 2396 1›lexi>ei1it.f'1'ittr0111
575 2341 627 2381 ad
657 2355 752 2381 eum
784 2341 935 2380 mittit:
970 2340 1055 2394 qui,
1088 2340 1306 2380 advolutus
1337 2340 1525 2394 genibus,
1559 2338 1751 2379 ‘fatalem

378 2398 561 2438 ‘rabiem
594 2397 790 2453 temporis
823 2397 929 2437 eius'
961 2405 1135 2445 accusat,
1170 2402 1327 2451 ‘quum
1357 2395 1471 2436 velut
1503 2396 1749 2450 contagione

378 2462 387 2477 ‘
405 2454 583 2509 quadam
616 2454 821 2508 pestifera,
853 2468 937 2493 non
970 2452 1169 2508 Ilergetes
1203 2453 1327 2493 modo
1359 2461 1401 2492 et
1432 2452 1645 2500 Lacetani,
1677 2451 1750 2491 sed

377 2518 534 2551 ‘castra
573 2525 740 2565 quoque
783 2510 974 2550 Romana
1013 2509 1265 2549 insanierint.
1331 2508 1457 2549 Suam
1498 2508 1669 2563 quidem
1708 2516 1751 2548 et.

378 2576 386 2590 ⁶
404 2567 538 2607 fratris
568 2576 609 2607 et
636 2567 888 2621 reliquorum
917 2565 1180 2621 popularium
1211 2580 1301 2605 eam
1332 2564 1614 2605 conditionem
1647 2579 1748 2612 esse,

418 2678 435 2705 8
459 2680 526 2707 Nc«-
543 2679 675 2716 peditem
698 2680 860 2716 afronlc]
889 2678 1038 2716 Intelligc
1084 2688 1196 2707 norum
1227 2676 1338 2715 copiis,
1365 2675 1395 2705 in
1426 2675 1603 2713 equitatum
1631 2674 1747 2713 Hispa-

377 2718 515 2754 pculitem
549 2720 744 2753 Romanum,
774 2720 827 2759 (1111
858 2719 974 2755 stratis,
1003 2724 1038 2749 ut
1085 2730 1158 2749 num
1188 2722 1322 2748 verterat
1349 2718 1518 2755 impetum,
1543 2720 1574 2745 et
1599 2726 1670 2746 cum
1694 2716 1747 2747 ad—

376 2768 449 2788 niox
488 2760 661 2794 subiicitur,
692 2762 889 2799 pedestribus
920 2762 1038 2800 Hispa-
1086 2772 1170 2791 versa
1188 2760 1289 2790 fronte
1305 2759 1523 2798 impugnabat.
1548 2758 1652 2789 CREV.
