1825 3173
295 128 346 165 68
795 124 942 166 TITI
981 124 1157 166 LIVII

86 224 130 254 U.
148 223 184 253 C.
203 228 272 261 535·
301 214 421 256 Mille
447 215 664 271 quingenti
684 215 863 256 hostium
891 215 934 255 in
955 215 1054 263 acie,
1076 214 1196 255 multi
1217 221 1360 269 postea
1386 213 1593 269 utrimque
1615 228 1697 260 eX5

88 267 125 297 A·
149 266 187 296 C.
204 272 275 302 ²¹7·
301 272 538 314 vulneribus
565 273 733 328 periere.
796 272 1023 328 Multiplex
1051 271 1197 312 caedes
1224 271 1433 325 utrimque
1458 271 1565 312 facta
1588 276 1700 312 tra-6

301 330 414 371 ditur
440 330 490 370 ab
521 329 619 370 aliis
683 329 786 384 Ego,
808 338 1096 385 praeterquam
1122 328 1234 383 quod
1259 327 1363 367 nihil
1394 327 1586 368 haustum
1617 338 1701 370 ex?

301 402 406 429 vano
430 387 566 436 velim,
590 402 672 442 quo
702 387 824 427 nimis
852 386 1054 427 inclinant
1074 386 1201 426 ferme
1235 385 1500 425 scribentium
1529 385 1669 434 animi,

302 444 475 486 Fabium
494 444 706 499 aequalem
727 444 981 498 temporibus
997 443 1167 484 huiusce
1184 442 1280 483 belli
1301 442 1559 497 potissimum
1576 457 1672 482 auc·
1684 451 1703 481 8

303 511 434 543 torem
471 501 608 541 habui.
672 500 896 549 Hannibal,
929 501 1182 556 captivorum
1216 499 1286 554 qui
1324 499 1464 539 Latini
1494 499 1674 539 nominis

303 566 450 608 essent,
472 558 559 598 sine
580 558 713 613 pretio
734 558 921 606 dimissis,
938 558 1138 598 Romanis
1159 557 1201 596 in
1222 556 1387 596 vincula
1407 556 1524 605 datis,
1539 570 1705 611 segre-9

305 625 399 673 gata
428 631 481 657 ex
513 615 693 655 hostium
728 623 1058 655 coacervatorum
1094 614 1268 655 cumulis
1303 628 1474 669 corpora
1507 627 1675 653 suorum

307 688 436 729 quum
476 672 638 728 sepeliri
671 672 863 720 iussisset,
895 672 1087 712 Flaminii
1123 686 1288 727 quoque
1325 686 1485 726 corpus,
1521 670 1677 711 funeris

309 746 430 772 causa
449 745 598 785 magna
618 744 713 769 cum
733 744 831 769 cura
850 729 1107 784 inquisitum,
1130 744 1215 768 non
1236 728 1405 768 invenit.

366 788 540 835 Romae,
573 787 625 827 ad
655 786 835 842 primum
870 787 1063 826 nuntium
1095 786 1220 826 cladis
1256 786 1355 833 eius,
1387 800 1482 825 cum
1517 784 1678 840 ingenti

308 854 461 887 terrore
493 860 539 884 ac
570 843 751 884 tumultu
782 858 1004 884 concursus
1034 844 1077 883 in
1107 838 1240 883 forum
1271 842 1412 898 populi
1444 851 1504 882 est
1533 842 1677 882 factus.

310 902 529 944 Matronae
550 916 676 956 vagae
698 916 772 956 per
791 901 887 950 vias,
911 916 1016 955 quae
1042 915 1189 955 repens
1210 899 1344 940 clades
1366 899 1499 947 allata,
1522 913 1678 953 quaeve

308 960 473 1000 fortuna
508 959 712 998 exercitus
742 966 860 1006 essct,
893 958 1033 998 obvios
1069 965 1402 1012 percunctantur.
1465 956 1521 996 Et
1551 970 1681 1011 quum

308 1016 536 1071 frequentis
571 1015 781 1056 concionis
813 1015 937 1055 modo
973 1014 1092 1055 turba
1127 1015 1169 1053 in
1206 1014 1419 1054 comitium
1452 1021 1493 1053 et
1526 1013 1710 1053 curiam1

310 1088 424 1115 versa
451 1073 711 1127 magistratus
735 1080 921 1120 vocaret3
960 1071 1127 1112 tandem
1158 1071 1270 1111 haud
1300 1071 1430 1111 multo
1462 1078 1556 1110 ante
1589 1069 1683 1110 solis

312 1145 501 1171 occasum
534 1128 593 1169 M.
613 1128 869 1183 Pomponius
896 1136 1071 1183 praetor,
1103 1133 1113 1151 ‘
1130 1128 1303 1183 Pugna,’
1333 1127 1483 1183 inquit,
1508 1133 1685 1182 ‘magna

313 1187 438 1227 ‘victi
468 1185 651 1226 sumus:’
681 1194 734 1233 ct,
758 1200 996 1240 quanquam
1027 1184 1133 1224 nihil
1156 1184 1307 1225 certius
1335 1200 1388 1224 ex
1418 1200 1467 1225 eo
1495 1184 1684 1224 auditum

312 1252 385 1293 est,
408 1252 548 1283 tamen
578 1241 681 1282 alius
702 1242 752 1282 ab
780 1241 859 1281 alio
881 1241 1041 1296 impleti
1063 1241 1295 1281 rumoribus
1323 1241 1466 1281 domos
1488 1241 1684 1289 referunt,

314 1300 552 1341 ‘consulem
581 1314 673 1339 cum
702 1314 851 1354 magna
871 1307 985 1354 parte
1018 1298 1228 1353 copiarum
1254 1313 1440 1338 caesum:
1475 1312 1685 1353 superesse

314 1364 502 1413 ‘paucos
525 1365 596 1396 aut
619 1356 717 1411 fuga
745 1356 895 1411 passim
920 1371 994 1411 per
1019 1355 1225 1395 Etruriam
1257 1370 1426 1411 sparsos,
1450 1364 1520 1395 aut
1547 1363 1687 1410 captos

315 1421 326 1438 ⁶
342 1415 392 1455 ab
413 1413 556 1454 hoste?
619 1413 734 1460 Quot
755 1428 870 1453 casus
886 1413 1091 1453 exercitus
1111 1413 1208 1452 victi
1229 1413 1402 1461 fuerant,
1426 1420 1487 1453 tot
1507 1412 1551 1452 in
1572 1426 1688 1452 curas
1701 1424 1717 1444 2

315 1470 518 1526 dispertiti
550 1485 692 1510 corum
727 1470 854 1509 animi
889 1478 1018 1518 erant,
1053 1484 1229 1524 quorum
1265 1470 1489 1525 propinqui
1522 1470 1597 1509 sub
1636 1468 1685 1509 C.

316 1528 519 1569 Flaminio
549 1527 717 1568 consule
749 1535 997 1575 meruerant,
1029 1526 1321 1581 ignorantium,
1349 1542 1455 1581 quae
1487 1527 1687 1581 cuiusque

316 1600 484 1626 suorum
514 1584 678 1625 fortuna
713 1591 840 1624 essct:
874 1599 951 1624 nec
983 1584 1200 1638 quisquam
1232 1584 1327 1624 satis
1360 1593 1518 1625 certum
1550 1583 1688 1632 habet,

317 1642 419 1698 quid
444 1650 515 1682 aut
545 1650 682 1696 speret
709 1649 780 1681 aut
811 1641 965 1681 timeat.
1028 1640 1212 1690 Postero,
1235 1656 1282 1681 ac
1307 1641 1503 1696 deinceps
1533 1640 1691 1696 aliquot

318 1700 475 1747 diebUS‚
507 1699 559 1739 ad
590 1706 726 1754 portas
757 1698 886 1738 maior
915 1713 1041 1753 propc
1073 1697 1306 1747 mulierum,
1339 1713 1464 1753 quam
1494 1698 1690 1746 virorum,

319 1756 542 1797 multitudo
572 1756 697 1804 stetit,
727 1763 796 1795 aut
825 1770 991 1795 snorum
1023 1754 1216 1809 aliquem,
1246 1764 1317 1796 aut
1346 1755 1515 1795 nuntios
1545 1755 1597 1795 de
1627 1755 1692 1794 his

319 1813 556 1869 opperiens:
585 1812 1105 1866 circumfundebanturque
1115 1812 1244 1852 obviis
1257 1812 1509 1852 sciscitantes
1517 1827 1526 1860 3
1554 1827 1692 1867 neque

321 1870 453 1919 avelli,
485 1870 629 1925 utique
661 1870 711 1910 ab
742 1870 864 1917 notis,
896 1869 1021 1924 prius,
1054 1884 1178 1923 quam
1209 1869 1353 1909 ordine
1385 1869 1524 1909 omnia
1555 1869 1694 1924 inqui-

320 1928 478 1976 sissent,
520 1935 722 1983 poterant.
784 1926 889 1967 Inde
930 1926 1061 1966 varios
1101 1926 1237 1966 vultus
1277 1926 1602 1981 digredientium
1642 1926 1693 1966 ab

321 1985 477 2025 nuntiis
491 1999 690 2033 cerneres,
705 1992 752 2024 ut
768 1984 919 2039 cuique
937 1992 1007 2024 aut
1019 1983 1126 2023 laeta
1142 1992 1213 2024 aut
1230 1983 1361 2024 tristia
1376 1984 1690 2024 nuntiabantur:

95 795 220 824 Romae

95 846 228 875 magnus
237 837 296 864 ter-

94 889 153 910 ror.

365 2152 382 2180 5
405 2143 448 2171 M
449 2142 508 2171 ulti
525 2145 634 2180 postea
649 2141 808 2180 utrimque
823 2150 862 2170 ea?
876 2140 985 2169 vulne-

321 2185 410 2213 ribus
429 2184 571 2222 periere]
600 2182 799 2212 Assentimur
822 2180 986 2212 Perizonio

323 2225 442 2255 delenti
465 2224 516 2254 hic
538 2235 647 2255 vocem
663 2226 833 2264 utrimque,
848 2227 884 2252 ut
903 2223 987 2252 male

323 2267 491 2307 repetitam
508 2278 546 2297 ex
562 2277 653 2297 versu
669 2266 821 2304 sequenti.
868 2265 932 2295 Hic
949 2265 988 2294 de

324 2310 398 2340 solis
415 2309 531 2340 Poenis
546 2309 610 2348 agit
628 2308 746 2338 Livius.
780 2308 823 2337 Et
838 2317 924 2344 sane,
935 2306 987 2346 qui

326 2352 467 2383 Romani
497 2351 605 2382 letalia
630 2351 761 2380 vulnera
788 2352 989 2388 acceperant,

326 2405 380 2424 eos
405 2393 572 2424 verisimile
598 2404 661 2422 non
687 2396 744 2429 est‚
768 2392 852 2429 lacu,
875 2391 988 2421 monti-

326 2438 385 2467 bus
403 2437 537 2472 clausos,
557 2436 682 2465 nullum
707 2435 920 2474 propinquum
944 2444 988 2464 re—

328 2484 457 2518 ceptum
484 2479 648 2515 habentes,
675 2478 813 2516 effugere
840 2476 989 2516 potuisse.

328 2522 431 2552 szv.

375 2563 394 2592 6
422 2563 614 2601 Multiplem]
663 2562 792 2592 Scilicet
824 2562 992 2600 mulliplm‘

328 2606 440 2640 maior,
469 2605 739 2642 quemadmodum
771 2614 855 2643 supr.
881 2603 931 2633 vii.
960 2604 990 2632 8.

329 2647 495 2684 multiplew
517 2657 609 2685 quam
631 2658 690 2685 pro
708 2657 856 2679 nutriero,-
883 2645 990 2674 simili-

329 2693 378 2717 ter
399 2687 515 2717 Graeci
537 2687 784 2723 πολλαπλήσιον.
815 2689 853 2718 cf.
869 2688 990 2718 Herod.

330 2730 370 2760 iv.
388 2739 436 2768 50.

375 2779 390 2810 7
414 2772 509 2800 Nihil
532 2771 695 2809 haustum]
735 2774 875 2801 Auclum
900 2782 939 2801 ex
962 2782 991 2801 e-

331 2813 435 2843 mend.
455 2813 595 2842 Walchii
613 2814 751 2851 reposuit
770 2814 907 2843 Bekker.

374 2856 392 2885 8
415 2856 566 2892 Fabium]
597 2855 639 2890 Q.
662 2855 796 2884 Fabium
822 2855 992 2891 Pictorem,

1030 2138 1178 2169 historiae
1201 2139 1368 2170 Romanae
1391 2139 1586 2179 scriptorem.
1621 2138 1695 2170 Vid.

1031 2180 1101 2211 infr.
1119 2181 1206 2212 xxiii.
1226 2191 1272 2212 11.

1073 2233 1092 2263 9
1110 2224 1187 2253 Sine
1198 2225 1302 2262 pretio
1315 2224 1464 2261 dimissis]
1485 2223 1652 2253 Praefatus
1664 2234 1697 2254 se

1032 2275 1094 2294 non
1120 2265 1221 2301 Italis,
1244 2266 1299 2295 sed
1326 2266 1482 2296 Romanis
1504 2266 1626 2295 bellum
1651 2266 1697 2296 in-

1032 2308 1123 2344 ferre,
1138 2317 1261 2337 necnon
1277 2308 1317 2337 ad
1333 2308 1417 2347 ipsos
1434 2308 1535 2338 Italos
1553 2308 1585 2337 in
1605 2308 1696 2338 liber-

1031 2353 1132 2379 tatem
1160 2349 1365 2380 vindicandos
1394 2350 1524 2381 venisse.
1561 2350 1600 2381 cf.
1626 2351 1696 2382 Pol.

1033 2391 1075 2421 iii.
1093 2392 1142 2430 85.

1080 2444 1090 2463 1
1118 2434 1300 2472 Comitium]
1332 2435 1410 2464 Pars
1425 2436 1525 2465 altera
1540 2435 1609 2473 fori,
1625 2436 1645 2450 ‘⁶
1656 2436 1697 2466 acl

1035 2476 1163 2507 Curiam
1177 2477 1350 2506 Hostiliam
1367 2481 1398 2507 et
1413 2478 1521 2507 subter
1535 2481 1633 2507 rostra
1645 2488 1697 2508 cu-

1035 2518 1098 2548 riae
1115 2518 1275 2548 Hostiliae
1297 2519 1426 2557 affixa‚”
1448 2519 1493 2549 ita
1511 2520 1595 2550 dicta
1619 2524 1698 2557 erat,

1035 2561 1119 2599 quod
1142 2565 1246 2599 patres
1268 2561 1300 2591 in
1323 2572 1361 2591 ea
1383 2563 1526 2592 coibant:
1550 2562 1581 2591 in
1598 2563 1698 2592 altera

1037 2613 1108 2633 vero
1121 2608 1210 2642 parte
1221 2614 1302 2642 quae
1310 2605 1420 2642 forum
1434 2604 1604 2643 praecipue
1615 2605 1697 2634 dice-

1036 2646 1138 2681 batur,
1151 2646 1241 2684 plebs
1257 2650 1288 2675 et
1304 2646 1421 2676 tribuni
1438 2647 1573 2675 stabant.
1617 2647 1697 2677 Ros—

1035 2692 1084 2717 tra
1107 2688 1237 2726 quidem
1267 2688 1299 2717 in
1326 2688 1454 2726 longum
1483 2691 1626 2726 porrecta
1648 2698 1697 2718 co-

1036 2729 1161 2759 mitium
1178 2734 1208 2759 et
1224 2731 1325 2759 forum
1342 2730 1541 2759 dirimebant.

1080 2782 1095 2801 2
1114 2774 1195 2809 Quot
1209 2774 1316 2809 casus]
1342 2781 1382 2801 sc.
1397 2772 1458 2800 Pro
1470 2771 1561 2800 variis
1577 2771 1699 2802 casibus

1039 2813 1111 2842 victi
1139 2814 1306 2851 exercitus,
1333 2813 1424 2843 variis
1451 2813 1532 2843 curis
1560 2815 1698 2853 populus

1037 2854 1276 2885 distrahebatur.
