1877 3178
376 116 458 153 332
880 113 1026 156 ΤΙΤΙ
1069 113 1247 156 LIVII

172 211 214 242 U.
232 211 269 242 C.
292 202 547 259 542.lictique
576 203 706 253 muri3
740 218 882 259 quum,
906 220 988 260 qua
1009 205 1160 260 cuique
1182 214 1269 245 erat
1290 205 1538 261 proximum,
1560 205 1748 246 desiluis-

170 254 208 283 A.
232 254 270 284 C.
293 264 363 284 ²¹0·
376 268 479 301 sent.
544 260 671 308 Quod
693 261 763 301 ubi
785 276 970 317 egressus
998 261 1138 317 Scipio
1168 261 1212 302 in
1243 262 1463 311 tumulum,
1485 277 1609 317 quem
1632 262 1747 303 Mer-

376 317 478 359 curii
501 326 661 367 vocant,
684 318 986 367 animadvertit,
1010 318 1149 359 multis
1177 319 1361 374 partibus
1383 319 1539 360 nudata
1558 319 1748 360 defenso-

377 375 488 415 ribus
519 375 682 415 moenia
710 390 819 424 esse3
853 391 995 417 omnes
1028 390 1050 416 e
1086 376 1226 417 castris
1258 376 1415 417 excitos
1444 376 1502 417 ire
1534 376 1586 416 ad
1616 392 1748 432 oppu-

171 439 280 478 Scipio
294 441 335 470 ad
377 431 585 487 gnandam
608 432 764 481 urbem,
787 442 829 473 et
848 433 952 473 ferre
974 432 1100 474 scalas
1124 433 1249 474 iubet.
1313 432 1420 489 Ipse,
1443 433 1566 473 trium
1587 448 1683 488 prae
1705 448 1747 474 se

172 483 280 554 urgetm
298 489 575 530 suc‘iuvenum
596 488 824 529 validorum
853 490 978 530 scutis
1007 490 1216 545 oppositis,
1239 490 1406 546 (ingens
1436 490 1548 530 enim
1579 490 1661 530 iam
1688 490 1779 537 vis5

171 535 206 554 ⁰⁶
232 535 240 554 ¹
259 548 265 554 '
379 545 512 586 omnis
536 546 698 600 generis
720 546 895 586 telorum
917 562 939 587 e
961 547 1088 587 muris
1109 547 1291 601 volabat)
1311 547 1364 587 ad
1384 547 1529 588 urbem
1550 546 1747 596 succedit,

378 602 576 651 hortatur,
604 603 790 658 imperat,
814 619 919 658 quae
951 604 994 644 in
1025 619 1112 644 rem
1143 613 1264 645 sunt:
1298 603 1494 660 quodque
1523 603 1748 659 plurimum

379 659 431 699 ad
461 659 747 700 accendendos
778 660 955 701 militum
984 662 1141 701 animos
1162 661 1370 710 intererat,
1393 661 1506 702 testis
1526 669 1750 716 spectator-

379 731 460 771 que
481 717 642 757 virtutis
664 726 787 773 atque
809 718 996 773 ignaviae
1018 718 1218 773 cuiusque
1241 718 1367 759 adest.
1428 718 1574 774 Itaque
1596 718 1639 758 in,
1660 717 1750 758 vul-

378 788 478 814 nera
508 789 554 814 ac
585 773 666 814 tela
690 783 838 823 ruunt3
872 790 1009 830 neque
1040 775 1130 816 illos
1161 776 1280 824 muri,
1303 791 1440 830 neque
1471 783 1750 830 superstantes

378 830 522 870 armati
543 845 679 871 arcere
702 841 874 886 queunt,
898 832 999 887 quin
1021 832 1207 872 certatim
1229 833 1464 873 ascendant.
1528 832 1583 872 Et
1606 833 1656 873 ab
1677 847 1750 873 na-

378 887 497 927 vibus
518 887 665 928 eodem
687 896 871 943 tempore
893 904 953 937 ea,
977 904 1082 944 quae
1105 890 1205 929 mari
1228 889 1407 938 alluitur,
1429 904 1521 945 pars
1544 889 1655 929 urbis
1676 904 1750 944 op-

378 944 553 999 pugnari
584 954 730 1000 coepta
759 954 830 985 est.
895 945 1093 986 Ceterum
1117 946 1317 987 tumultus
1341 946 1438 987 inde
1460 947 1601 995 maior,
1624 961 1749 1001 quam

378 1001 450 1049 vis,
473 1000 659 1041 adhiberi
690 1009 860 1056 poterat.
924 1002 1037 1042 Dum
1067 1003 1287 1058 applicant,
1310 1003 1410 1043 dum
1441 1003 1589 1058 partim
1621 1010 1780 1059 expo-6

378 1066 484 1097 nunt
515 1057 641 1097 scalas
671 1058 919 1113 militesque,
942 1059 1055 1107 dum,
1079 1075 1162 1114 qua
1182 1060 1332 1114 cuique
1353 1060 1586 1115 proximum
1609 1068 1682 1108 est,
1705 1060 1747 1100 in
1764 1103 1780 1113 ,-

380 1123 529 1154 terram
560 1114 734 1154 evadere
766 1124 1000 1170 properant,
1034 1116 1121 1171 ipsa
1150 1116 1411 1157 festinatione
1448 1125 1490 1157 et
1524 1116 1780 1168 certamineg

233 1175 299 1211 45.
379 1170 447 1210 alii
482 1170 582 1211 alios
616 1171 861 1226 impediunt.
924 1171 1040 1213 Inter
1071 1172 1172 1213 haec
1207 1173 1435 1228 repleverat
1469 1173 1550 1214 iam
1584 1174 1750 1214 Poenus

379 1228 543 1268 armatis
568 1243 717 1277 muros,
741 1237 783 1269 et
802 1229 862 1269 vis
883 1244 1044 1285 magna,
1067 1245 1119 1270 ex
1141 1230 1299 1285 ingenti
1322 1230 1441 1286 copia
1461 1239 1667 1285 congesta,
1690 1239 1750 1270 te-

379 1284 512 1325 lorum
537 1286 838 1341 suppeditabat.
902 1286 985 1327 Sed
1015 1302 1152 1342 neque
1180 1287 1269 1336 viri,
1292 1302 1369 1328 nec
1400 1287 1494 1337 tela,
1526 1302 1603 1328 nec
1634 1287 1750 1342 quic-

379 1357 505 1396 quam
535 1342 649 1383 aliud
680 1358 824 1398 aeque,
857 1359 982 1399 quam
1014 1344 1178 1385 moenia
1206 1344 1293 1399 ipsa
1323 1359 1423 1393 sese,
1456 1344 1747 1385 defendebant.

381 1399 515 1440 Rarae
551 1400 663 1440 enim
698 1400 829 1441 scalae
865 1400 1076 1441 altitudini
1116 1401 1282 1456 aequari
1322 1410 1536 1456 poterant:
1575 1410 1629 1451 et,
1666 1417 1749 1457 quo

381 1471 570 1511 quaeque
593 1457 769 1506 altiores,
792 1472 841 1498 eo
863 1458 1108 1499 infirmiores
1129 1467 1256 1499 erant.
1305 1458 1465 1514 Itaque,
1488 1474 1618 1514 quum
1639 1474 1750 1499 sum-

379 1527 470 1553 mus
491 1514 666 1569 quisque
689 1514 862 1555 evadere
884 1530 968 1555 non
989 1525 1138 1571 posset,
1161 1516 1345 1556 subirent.
1366 1525 1504 1556 tamen
1525 1515 1607 1564 alii,
1623 1531 1748 1556 onere

379 1569 467 1624 ipso
487 1570 792 1625 frangebantur.
841 1572 1037 1621 Quidam,
1060 1573 1261 1613 stantibus
1282 1572 1410 1622 scalis,
1426 1588 1555 1628 quum
1572 1572 1749 1613 altitudo

173 1636 286 1666 Scalae
379 1626 596 1681 caliginem
618 1628 746 1668 oculis
767 1629 992 1678 offudisset,
1011 1629 1062 1669 ad
1079 1638 1227 1669 terram
1249 1629 1374 1670 delati
1396 1639 1501 1670 sunt.
1549 1629 1604 1670 Et
1618 1645 1748 1685 quum

173 1678 286 1749 f¹'¹¹·’t'{¹“{2
301 1679 355 1708 ad-
379 1683 528 1738 passim
550 1684 738 1724 homines
759 1685 974 1740 scalaeque
996 1695 1180 1735 ruerent,
1195 1694 1235 1726 et
1257 1687 1344 1742 ipso
1366 1701 1556 1727 successu
1577 1687 1749 1728 audacia

173 1730 289 1751 mou.
379 1748 502 1795 atque
533 1741 718 1781 alacritas
748 1742 928 1782 hostium
960 1752 1173 1791 cresceret,
1196 1743 1359 1797 signum
1390 1744 1575 1799 receptui
1605 1744 1748 1784 datum

379 1806 462 1846 est3
496 1798 609 1852 quod
639 1813 753 1853 spem
784 1814 868 1839 non
899 1800 1125 1854 praesentis
1155 1800 1278 1839 modo
1303 1800 1354 1840 ab
1380 1808 1495 1840 tanto
1523 1801 1747 1840 certamine

379 1869 424 1894 ac
456 1854 593 1895 labore
625 1856 775 1910 quietis
809 1856 992 1905 obsessis,
1026 1856 1099 1897 sed
1135 1856 1260 1896 etiam
1295 1856 1338 1895 in
1373 1865 1582 1911 posterum
1617 1856 1746 1906 dedit,

379 1911 497 1951 scalis
527 1921 569 1952 et
599 1927 750 1953 corona
779 1913 870 1968 capi
891 1913 1034 1953 urbem
1066 1928 1149 1954 non
1181 1928 1323 1968 posse:
1360 1928 1485 1968 opera
1505 1922 1546 1953 et
1566 1913 1749 1954 difficilia

379 1983 479 2017 esse,
502 1976 543 2009 et
573 1977 736 2024 tempus
766 1970 924 2018 datura,
954 1970 1005 2010 ad
1033 1970 1247 2010 ferendam
1275 1985 1409 2025 opem,
1432 1970 1749 2026 imperatoribus

379 2040 475 2065 suis.

438 2081 521 2122 Vix
542 2083 653 2138 prior
681 2083 882 2124 tumultus
903 2084 1170 2132 conticuerat,
1193 2099 1322 2139 quum
1347 2083 1486 2139 Scipio
1507 2084 1557 2125 ab
1579 2084 1749 2124 defessis

379 2139 459 2180 iam
476 2139 782 2195 vulneratisque
804 2149 989 2181 recentes
1010 2141 1274 2196 integrosque
1297 2140 1396 2181 alios
1417 2141 1601 2196 accipere
1623 2141 1748 2181 scalas

176 2206 236 2235 1¹01-
254 2206 349 2252 vaila
379 2196 505 2245 iubet,
530 2207 571 2237 et
591 2197 630 2237 vi
652 2198 804 2238 maiore
827 2198 996 2253 aggredi
1017 2199 1174 2238 urbem.
1236 2197 1343 2253 Ipse,
1367 2206 1412 2238 ut
1440 2198 1478 2238 ei
1509 2198 1746 2238 nuntiatum

175 2248 363 2310 athaulfi-1-
379 2262 453 2302 est,
486 2263 644 2294 aestum
675 2255 888 2304 decedere,
911 2254 1024 2310 quod
1054 2270 1128 2310 per
1158 2255 1378 2310 piscatores
1404 2255 1746 2303 Tarraconenses,

174 2300 339 2362 {fi‘t'ussfo'st‘
378 2325 490 2351 nunc
518 2310 675 2351 levibus
700 2312 870 2367 cymbis,
893 2327 1017 2360 nunc,
1041 2312 1111 2353 ubi
1142 2327 1213 2352 eae
1244 2311 1438 2360 siderent,
1461 2311 1575 2352 vadis
1604 2326 1780 2367 perva-9

376 2376 492 2422 gatos
527 2376 731 2423 stagnum,
764 2377 1021 2424 compertum
1059 2368 1248 2418 habebat,
1284 2368 1446 2409 facilem
1481 2368 1656 2424 pedibus
1696 2368 1749 2408 ad

378 2439 542 2465 murum
565 2425 781 2466 transitum
802 2425 903 2475 dari,
926 2441 975 2466 eo
996 2440 1135 2467 secum
1165 2435 1340 2466 armatos
1360 2425 1491 2466 duxit.
1555 2425 1748 2466 Medium

421 2601 437 2630 5
463 2594 638 2632 Oppositis]
669 2593 707 2624 cf.
727 2593 840 2632 Polyb.
859 2603 889 2623 x.
911 2603 956 2632 15-
1127 2594 1145 2621 8
1167 2593 1362 2629 Certamine]
1404 2592 1492 2621 Dum
1520 2595 1642 2621 certant
1667 2591 1750 2622 inter

422 2633 441 2663 6
463 2636 606 2672 Partim]
645 2636 740 2665 Hanc
762 2645 871 2665 vocem
895 2644 1041 2674 superva-
1086 2645 1129 2671 se,
1152 2634 1222 2673 quis
1247 2634 1348 2663 maius
1370 2633 1510 2663 studium
1533 2634 1748 2673 maioremque

381 2685 510 2705 caueam
534 2687 601 2706 esse
624 2681 729 2707 censet
751 2677 890 2708 Crevier.
914 2677 968 2715 qui
990 2688 1041 2706 ra·
1086 2676 1280 2706 celeritatem
1297 2676 1455 2706 adhibeat.
1484 2676 1587 2707 Cnssv.

378 2718 468 2754 mim,
494 2718 615 2748 inverso
645 2730 772 2749 suarum
802 2719 963 2749 literarum
995 2729 1039 2748 or·
1126 2728 1145 2759 9
1173 2719 1234 2749 Ubi
1259 2729 1314 2749 eae
1338 2719 1492 2755 siderent]
1524 2718 1563 2747 In
1586 2718 1685 2747 fundo
1712 2716 1746 2746 li-

380 2757 465 2791 dine,
481 2761 696 2797 reponendum
715 2762 793 2791 vult.
1086 2771 1172 2790 moso
1197 2760 1372 2790 haererent.
1402 2760 1440 2791 cf.
1457 2760 1534 2791 Tac.
1552 2760 1635 2790 Ann.
1655 2758 1674 2788 i.
1700 2768 1746 2797 70.

425 2807 441 2837 7
464 2801 626 2839 Evadere]
661 2803 789 2840 Nempe
820 2803 850 2833 in
881 2813 1039 2833 summum
1088 2803 1246 2832 Riscnm.

381 2850 515 2871 murum.
