1871 3178
510 110 631 151 L113.
667 110 838 151 XXIII.
886 109 1032 151 CAP.
1065 114 1133 151 49.
1435 115 1511 154 173

129 207 221 240 sent
242 199 503 254 patrimonia,
527 209 573 240 ut
601 199 865 255 reipublicae,
888 213 940 238 ex
962 214 1046 253 qua
1070 198 1305 246 crevissent,
1329 200 1379 239 ad
1409 210 1512 241 tem—
1530 213 1569 243 Η.
1588 214 1624 243 (“,
1648 222 1718 252 537-

100 272 206 325 7pus
245 257 586 304 commodarent3
638 256 1003 309 conducerentque
1045 270 1094 294 ea
1134 255 1222 309 lege
1264 258 1511 310 praebenda,
1527 256 1563 286 A.
1589 258 1626 287 (J.
1650 264 1720 294 2¹5·

129 328 235 368 quae
267 313 320 353 ad
351 314 579 353 exereitum
618 312 938 368 Hispaniensem
975 327 1078 366 opus
1114 321 1262 358 essent,
1293 322 1351 361 ut,
1383 330 1511 367 quum

128 370 305 424 pecunia
324 370 364 409 iu
383 370 539 410 aerario
556 378 674 417 essct,
694 369 742 408 iis
762 368 905 423 primis
926 368 1164 408 solveretur.
1211 368 1328 409 llaec
1350 380 1514 424 praetor

128 426 173 466 in
201 427 402 467 concione
431 427 575 475 edixit,
598 435 640 466 et
661 441 743 481 qua
764 425 832 465 die
854 425 1113 473 vestimenta,
1136 426 1392 466 frumentum
1416 426 1514 466 IIis—

129 484 315 538 paniensi
339 484 539 524 exercitui
561 482 809 538 praebenda,
832 497 1023 537 quaeque
1049 482 1128 522 alia
1155 497 1258 537 opus
1283 492 1421 522 essent
1442 498 1514 523 na-

129 540 289 580 valibus
317 540 448 588 sociis,
472 549 578 580 esset
605 539 822 579 locaturus,
888 538 973 578 Ubi
1002 554 1051 578 ea
1075 539 1164 579 dies
1184 539 1310 587 venit,
1334 539 1386 579 ad
1415 554 1514 579 con·
1588 547 1656 584 49.

129 596 369 637 ducendum
407 605 489 637 tres
524 596 740 636 societates
776 595 948 636 aderant
981 595 1198 635 hominum
1237 596 1512 651 undeviginti,
1530 600 1655 647 Pria-'ata
1669 611 1722 639 ΡΟ·

99 664 308 708 8quorum
342 654 425 694 duo
458 652 663 708 postulata
694 652 834 692 fuere:
876 667 1020 701 unum,
1056 661 1101 692 ut
1134 652 1281 692 militia
1308 653 1723 714 vacarent,⁰¹l¹l¹12¹s3¹c³sl⁰ssh

98 711 232 754 9dum
260 711 302 750 in
329 726 379 750 eo
404 710 572 765 publico
594 719 755 750 essent:
790 708 977 757 alterum,
1001 717 1058 758 ut,
1081 724 1188 764 quae
1217 709 1260 749 in
1288 725 1412 750 naves
1439 710 1516 749 im·
1530 696 1684 757 iixinistra‘-

130 767 376 822 posuissent,
405 767 456 806 ab
484 767 665 807 hostium
697 766 1038 821 tempestatisque
1067 767 1106 806 vi
1135 766 1302 821 publico
1330 766 1516 822 periculo
1529 774 1588 800 tur-

130 832 278 864 essent.
342 823 534 877 Utroque
566 823 799 878 impetrato,
832 822 1138 871 conduxerunt,
1171 823 1414 878 privataque
1446 839 1518 878 pe-

130 881 255 921 cunia
274 880 506 935 respublica
526 880 811 920 administrata
831 888 904 919 est.
969 879 1029 919 Hi
1051 895 1197 928 mores,
1219 895 1351 934 eaque
1373 881 1519 920 caritas

130 937 286 992 patriae
322 951 397 992 per
431 951 576 977 omnes
611 936 779 977 ordines
815 936 929 976 velut
964 944 1108 977 tenore
1146 951 1230 976 uno
1271 937 1516 991 pertinebat.

133 993 503 1041 Quemadmodum
539 994 747 1034 conducta
781 993 921 1033 onmia
956 1008 1108 1046 magno
1144 994 1282 1033 animo
1317 1003 1427 1042 sunt,
1461 994 1519 1033 sic

131 1065 293 1091 summa
314 1050 395 1091 fide
418 1050 617 1105 praebita,
635 1065 712 1090 nce
730 1064 847 1090 secus
864 1065 990 1105 quam
1007 1051 1040 1090 si
1057 1065 1108 1090 ex
1125 1050 1324 1105 opulento
1346 1051 1517 1098 aerario,

104 1128 115 1149 1
133 1115 179 1148 ut
200 1107 426 1162 quondam,
449 1107 670 1147 alerentur.

103 1184 119 1205 2
194 1165 338 1211 Quum
360 1163 403 1204 hi
420 1172 674 1204 connneatus
690 1172 908 1211 venerunt,
927 1162 1106 1217 Illiturgi
1123 1162 1322 1218 oppidum
1341 1164 1392 1204 ab
1411 1163 1519 1204 IIas-
1534 1172 1689 1211 Illiturgis

102 1220 319 1268 3drubale,
342 1235 388 1260 ac
418 1220 616 1273 BIagone,
640 1228 682 1259 et
712 1219 947 1259 Hamilcare
981 1219 1222 1259 Bomilcaris
1250 1220 1349 1269 filio,
1372 1221 1424 1260 ob
1447 1220 1519 1260 de-
1531 1215 1690 1286 ‘'¹?f⁰⁸⁵³1,¹²

133 1277 357 1317 sectionem
394 1276 446 1316 ad
484 1276 696 1315 Romanos
733 1276 1062 1330 oppugnabatur.
1126 1276 1242 1316 Inter
1276 1277 1378 1317 haee
1412 1261 1727 1328 trinasslr‘ir'ffssld‘ssff

134 1342 266 1373 castra
286 1332 467 1373 hostium
492 1332 719 1387 Scipiones,
742 1347 872 1386 quum
901 1332 944 1371 in
974 1333 1119 1372 urbem
1141 1333 1345 1373 sociorum
1368 1348 1518 1387 magno
1531 1340 1629 1372 cibus.

135 1390 360 1430 certamine
390 1404 436 1429 ae
465 1398 597 1444 strage
619 1388 909 1429 obsistentium
931 1389 1228 1443 pervenissent,
1250 1390 1519 1438 frumentum,

135 1446 254 1486 euius
281 1446 422 1501 inopia
449 1455 548 1494 erat,
571 1445 857 1486 advexerunt:
892 1445 1180 1499 cohortatique
1209 1445 1451 1500 oppidanos,
1474 1456 1522 1487 ut

136 1572 289 1602 bendum.
335 1572 423 1602 IIinc
446 1573 634 1610 redemptor,
655 1571 708 1609 qui
733 1580 804 1600 con-

137 1614 244 1644 ducit:
276 1615 492 1653 redemptura,
518 1613 697 1643 conductio,
742 1613 805 1649 Qui

137 1657 348 1694 redempturis
389 1657 555 1685 auaissent
596 1656 806 1694 patrimonia,

137 1702 211 1727 sunt
234 1698 294 1727 hoc
319 1698 387 1727 loeo
412 1696 587 1735 publicani,
610 1696 664 1735 qui
688 1697 805 1726 condu-

849 1570 925 1601 inde
951 1572 1120 1610 publicani
1151 1573 1381 1611 appellantur3
1414 1573 1459 1603 ita
1485 1578 1520 1604 ut

850 1613 1019 1643 definitum
1047 1614 1098 1651 sit,
1123 1615 1199 1653 quid
1230 1625 1286 1653 pro
1312 1615 1350 1645 iis
1381 1617 1520 1653 pendere

849 1654 897 1684 illi
910 1655 1048 1685 debeant
1060 1656 1196 1686 aerario:
1221 1657 1286 1686 sive
1302 1667 1434 1686 munera
1446 1668 1520 1697 ope-

850 1707 924 1726 rave
936 1701 992 1727 aut
1004 1698 1184 1728 functiones
1195 1708 1232 1728 ac
1245 1699 1449 1729 necessitates
1463 1699 1520 1729 rei-

139 1740 239 1770 cendo
256 1739 385 1778 publica
400 1739 491 1768 ditati
508 1740 642 1769 fuerant.
667 1739 772 1769 Cmssx'.

180 1781 199 1811 6
223 1781 477 1817 Commodarent]
503 1781 656 1810 Dukerus
672 1780 806 1819 pulchre

139 1823 217 1853 vidit
244 1833 355 1852 vocem
384 1823 614 1853 commodarent
638 1822 689 1852 hic
713 1822 805 1860 signi-

138 1865 244 1901 ficare,
264 1868 299 1894 ut
322 1864 519 1903 reipublicae
542 1865 711 1894 commodo
735 1874 808 1893 con-

138 1907 288 1937 sulerent.
322 1907 397 1936 Iure
408 1906 528 1945 quippe
539 1906 566 1935 F
568 1906 743 1936 acciolatus
756 1916 808 1935 ne·

138 1952 267 1988 gaverat
281 1950 474 1979 commodare
496 1958 515 1977 a
538 1948 629 1977 bonis
651 1947 809 1986 scriptori—

139 1992 198 2020 bus
213 1994 401 2029 usurpatum
418 2000 485 2020 esse
504 1990 544 2020 de
567 1989 704 2028 pecunia
725 1989 809 2019 aliis-

139 2043 201 2071 que
224 2033 329 2068 rebus,
349 2042 431 2070 quae
454 2042 518 2061 non
542 2032 718 2062 redduntur
740 2041 809 2061 eae-

140 2075 225 2110 dem,
240 2074 273 2103 id
289 2075 375 2112 quod
392 2074 574 2104 Schellerus
594 2084 657 2103 non
674 2073 810 2112 accepit,

139 2120 237 2155 atque
256 2116 342 2145 hune
364 2116 470 2145 locum
487 2115 608 2146 citavit.
639 2116 678 2146 cf.
696 2115 809 2146 Ruhn-

140 2158 215 2188 ken.
233 2158 352 2196 Opusc.
370 2168 400 2196 p.
420 2165 489 2196 717.

185 2207 202 2239 7
226 2200 506 2239 Conducerenlque
520 2210 557 2230 ea
573 2200 656 2237 leye]
684 2199 808 2228 Condu-

141 2252 210 2272 cere
225 2242 265 2271 de
280 2241 317 2271 iis
333 2241 460 2278 dicitur,
475 2241 529 2280 qui
553 2245 647 2279 pacta
662 2241 810 2270 mercede

141 2283 263 2322 aliquid
292 2283 522 2321 perficiendum
553 2282 742 2321 suscipiunt,
767 2284 808 2312 lo-

142 2336 215 2355 care
231 2325 270 2354 de
286 2325 335 2362 iis,
350 2325 404 2362 qui
427 2325 548 2363 aliquid
572 2324 642 2354 aliis
664 2323 809 2354 commit-

142 2369 225 2396 tunt.
250 2366 289 2396 cf.
305 2366 375 2396 infr.
391 2366 499 2396 xxxiv.
516 2365 545 2396 6.

186 2409 204 2438 8
232 2409 274 2438 [ft
296 2408 410 2437 militia
436 2412 596 2442 vacarent,
619 2408 694 2437 dum
719 2408 754 2437 in
776 2418 811 2437 eo

140 2451 267 2489 publico
282 2450 400 2486 essent]
429 2449 522 2478 Haec
535 2448 689 2478 Gronovii
705 2458 811 2478 emen-

145 2491 232 2521 datio
263 2501 326 2520 non
362 2491 501 2519 multum
531 2490 597 2519 abit
628 2491 668 2519 ab
698 2490 813 2528 optimi

145 2532 262 2564 codicis
278 2531 443 2570 scriptura.
478 2532 587 2569 Longe
601 2531 698 2560 aliam
717 2531 813 2560 Valla

147 2575 283 2604 finxerat
306 2573 488 2608 lectionem,
508 2583 604 2611 quam
629 2572 715 2610 prius
737 2571 814 2602 editi

145 2616 379 2656 praeferebant,
402 2625 441 2645 ne
464 2615 521 2644 alii
544 2615 683 2644 triennio
701 2624 736 2644 eo
754 2624 815 2652 pu-

146 2659 264 2688 blicani
280 2661 390 2688 essent.
425 2657 563 2685 Publica
579 2655 815 2692 dicuntur,sive

148 2699 317 2738 vectigalia
339 2702 369 2728 et
394 2698 513 2727 reditus
534 2697 646 2736 populi
664 2696 816 2732 Romani,

148 2752 230 2780 quae
245 2740 409 2770 inferenda
421 2739 541 2769 aerario
556 2739 703 2768 locantur
717 2748 736 2768 a
751 2748 816 2768 ma-

147 2783 341 2822 gistratibus,
350 2782 484 2811 fruenda
501 2781 724 2810 conducuntur
738 2789 757 2809 a
773 2781 817 2809 lo-

150 2824 331 2863 cupletibus
353 2827 384 2853 et
407 2823 530 2853 idoneis
552 2821 744 2857 hominibus,
764 2822 818 2860 qui

850 1739 1011 1778 publicae,
1042 1744 1121 1778 puta
1150 1741 1265 1779 templi
1300 1741 1436 1770 alicuius
1465 1746 1521 1771 aut

850 1780 957 1819 pontis
981 1782 1215 1818 exaedificatio,
1231 1783 1391 1812 frumenta
1411 1794 1449 1812 ae
1470 1793 1520 1812 ve-

850 1822 1001 1852 stimenta
1021 1823 1186 1859 exercitui,
1203 1835 1285 1862 quae
1306 1825 1451 1854 facienda
1470 1826 1520 1854 vel

854 1865 1036 1903 praebenda
1063 1866 1209 1895 locantur
1234 1866 1345 1896 itidem
1376 1877 1395 1896 a
1424 1867 1521 1904 magi-

853 1907 1013 1942 stratibus,
1035 1908 1260 1937 conducuntur
1281 1919 1300 1938 a
1323 1908 1522 1947 publicanis;

855 1947 899 1977 ita
925 1952 960 1978 ut
987 1949 1155 1978 definitum
1184 1950 1235 1986 sit,
1261 1950 1338 1988 quid
1366 1950 1397 1979 hi
1430 1951 1523 1989 pretii

854 1990 924 2019 Ioco
961 1991 1107 2029 accipere
1140 1992 1278 2021 debeant
1315 2002 1354 2022 ex
1392 1993 1522 2022 aerario,

856 2032 1034 2062 Posteriore
1064 2033 1124 2062 hoc
1153 2043 1247 2063 sensu
1277 2035 1438 2072 publicum
1471 2034 1523 2063 hie

854 2073 1008 2112 intellige.
1054 2076 1139 2104 Dum
1156 2076 1191 2104 in
1206 2085 1240 2105 eo
1259 2076 1386 2113 publico
1400 2080 1523 2106 essent:

855 2116 1008 2154 quamdiu
1030 2115 1120 2145 illam
1145 2116 1353 2153 curationem,
1370 2120 1522 2155 tanquam

854 2158 1063 2187 conductores
1095 2162 1127 2188 et
1165 2158 1340 2196 publicani,
1369 2163 1524 2197 gererent.

856 2199 949 2229 Haec
972 2199 1036 2229 fere
1057 2199 1241 2230 Gronovius
1261 2200 1393 2231 Ol)serV.
1414 2201 1455 2232 iv.
1474 2210 1523 2240 23.

854 2241 959 2271 CREV.

896 2293 915 2323 9
943 2284 996 2319 Ut,
1012 2294 1093 2323 quae
1114 2285 1149 2313 in
1170 2294 1267 2315 naves
1282 2284 1521 2323 imposuissent]

856 2325 916 2361 Ut,
926 2335 1006 2363 quae
1023 2325 1055 2354 in
1071 2335 1169 2355 naves
1184 2325 1420 2364 imposuissent,
1430 2326 1454 2354 si
1469 2330 1524 2355 aut

855 2371 985 2405 propter
1012 2367 1160 2396 hostilem
1185 2367 1261 2404 vim,
1283 2371 1338 2396 aut
1366 2377 1422 2405 per
1445 2371 1524 2396 tem-

856 2411 1011 2446 pestatem
1046 2408 1249 2444 interiissent,
1280 2409 1339 2437 hoc
1370 2409 1524 2437 damnum

857 2450 1037 2487 respublica
1051 2450 1231 2483 sustineret,
1246 2459 1309 2478 non
1325 2449 1395 2487 ipsi.
1420 2450 1525 2480 CREV.

904 2500 915 2519 1
941 2492 1134 2528 Alerenlur]
1160 2501 1202 2521 sc.
1221 2491 1399 2520 Exercitus,
1423 2491 1498 2521 Sm.

901 2541 917 2560 2
942 2533 1085 2570 Illum-‚qi
1111 2533 1279 2570 oppidum]
1318 2532 1357 2561 In
1383 2533 1527 2569 Baetica,

861 2573 943 2602 circa
961 2573 1077 2602 Baetin
1100 2573 1230 2603 flumen.
1261 2573 1299 2604 ef.
1318 2573 1402 2604 Plin.
1421 2574 1465 2604 H.
1484 2575 1526 2605 N.

861 2614 903 2645 iii.
924 2624 948 2644 1.
974 2614 1112 2644 DrKER.

903 2665 920 2694 3
936 2657 1124 2687 Hamilcare
1135 2657 1419 2696 Bomilcarisfilz'o]
1435 2659 1527 2687 Han-

861 2698 976 2733 nibale,
993 2698 1078 2736 quod
1095 2707 1161 2728 uss.
1179 2698 1272 2737 longe
1295 2698 1424 2737 plurimi
1447 2699 1528 2738 opti-

861 2739 969 2778 mique
992 2739 1111 2769 habent
1126 2743 1158 2769 et
1176 2739 1317 2771 Gronov.
1338 2741 1462 2779 probat,
1484 2751 1529 2771 re—

863 2781 969 2819 posuit
986 2781 1105 2811 Stroth.
