1809 3178
527 100 651 141 LIB.
687 99 834 140 XXII.
879 100 913 140 C
928 101 1023 141 ΑΙ).
1059 107 1124 142 38.
1476 111 1525 149 97

136 196 146 213 ⁶
164 204 248 230 nno
278 198 434 239 tenore,
457 206 509 232 ex
532 207 616 246 quo
646 191 687 230 in
717 190 940 231 amicitiam
970 191 1113 245 populi
1140 191 1316 233 Romani
1349 198 1519 245 venerit,
1542 209 1579 239 ι’.
1599 211 1635 240 (·,
1659 211 1728 248 53⁶-

134 247 285 287 ‘fidcm
319 247 507 297 coluisse,
531 264 577 288 ae
610 263 697 288 rem
735 247 967 287 Romanam
996 249 1109 287 omni
1141 258 1324 304 tempore
1353 268 1399 291 ae
1430 253 1518 294 loco
1538 253 1571 281 ⁴·
1597 254 1634 283 (2.
1660 254 1727 282 ²¹⁶·

133 309 144 327 ‘
162 304 356 344 munifice
379 305 595 346 adiuvisse.
640 304 702 353 Id,
721 303 895 359 perinde
913 320 959 344 ac
976 304 1160 353 deberet,
1178 315 1341 359 gratnm
1365 311 1518 364 populo

132 365 144 384 ‘
161 360 352 402 Romano
374 377 473 403 esse.
526 362 692 402 Aurum
714 370 755 401 et
773 377 796 402 a
817 361 1053 402 civitatibus
1067 363 1315 417 quibusdam
1333 365 1515 413 allatuin,

131 419 286 473 ‘gratia
306 419 364 459 rei
387 428 568 474 accepta,
588 434 672 458 non
693 418 898 473 accepisse
914 419 1114 474 populum
1136 419 1386 462 Romanum.
1444 423 1515 463 Vi-

130 480 141 498 ‘
156 476 326 516 ctoriam
349 491 557 530 omenque
579 475 789 530 accipere;
823 475 1049 531 sedemque
1067 476 1105 516 ei
1123 493 1164 517 se
1187 477 1306 518 divae
1324 478 1435 527 (lare,
1453 480 1516 521 di-

130 537 245 573 ‘care
283 532 553 588 Capitolium,
587 532 788 587 templum
822 532 931 573 Iovis
959 533 1105 588 optimi
1139 535 1320 575 maximi.
1385 536 1434 576 ln
1465 552 1513 577 ea

129 594 248 630 ‘arec
290 590 403 629 urbis
446 590 659 630 Romanae
693 599 906 638 sacratam,
944 589 1153 631 volentem
1191 592 1511 657 prophiamqne,

128 646 312 686 ‘firmani
347 662 393 687 ae
434 647 623 687 stabilem
656 646 742 687 fore
776 646 931 702 populo
967 647 1186 689 Romano)
1250 648 1510 700 hmilitores,

125 703 424 758 sagittariique,
459 713 501 744 et
533 704 789 744 frumentum
826 703 1024 744 traditum
1058 705 1308 746 consulibus.
1375 708 1643 755 t‚2ui11-‹:121.-.-5³

95 775 342 815 7queremes
373 760 425 800 ad
451 761 618 801 navium
645 760 828 809 classem,
859 776 966 815 quae
999 777 1094 801 eum
1127 762 1176 803 T.
1204 763 1386 805 Otacilio
1417 780 1511 820 pro·
1524 766 1627 790 :uu-ta.

123 826 311 873 praetore
334 817 377 857 in
402 817 542 858 Sicilia
562 827 662 867 erat,
686 818 872 873 quinque
895 826 937 858 et
961 818 1108 873 viginti
1137 820 1315 870 additae,
1338 823 1511 877 permis-

123 888 298 929 sumque
335 883 408 924 est,
441 883 500 924 ut,
532 875 565 915 si
596 890 618 915 c
650 874 862 930 republica
892 885 1082 917 censeret
1113 892 1214 926 esse,
1248 878 1289 917 in
1323 879 1507 920 Africam

122 931 342 972 traiiceret.

179 987 361 1029 Delectu
382 989 581 1044 perfecto,
605 988 795 1030 consules
816 1004 970 1045 paucos
992 991 1139 1031 morati
1161 991 1262 1040 dies,
1285 992 1386 1033 dum
1407 994 1505 1034 socii
1584 995 1650 1033 38.

88 1045 170 1085 8ab
191 1045 360 1086 nominc
390 1045 543 1087 Latino
565 1046 766 1087 venirent.
830 1046 991 1087 Milites
1020 1056 1133 1096 tune,
1156 1049 1271 1103 quod
1292 1064 1507 1105 nunquam
1524 1062 1644 1093 Milites
1660 1063 1705 1092 iu-

118 1109 242 1143 antea
267 1102 423 1143 factum
448 1112 547 1152 erat,
574 1103 843 1144 iureiurando
872 1104 922 1144 ab
949 1104 1125 1144 tribunis
1153 1105 1333 1146 militum
1359 1107 1506 1156 adacti,
1522 1105 1688 1152 mima-ndo

117 1158 231 1200 iussu
251 1159 471 1201 consulum
493 1169 784 1208 conventuros,
808 1175 946 1215 neque
969 1160 1125 1201 iniussu
1149 1162 1341 1203 abituros.
1396 1163 1506 1205 Nam
1520 1148 1636 1177 adacti.

162 1320 178 1351 7
201 1315 255 1343 Ad
277 1315 409 1343 navium
433 1315 578 1351 classem]
607 1313 789 1343 Numerum
838 1313 904 1349 Et,'
919 1313 984 1343 sive
1003 1314 1119 1353 potius,
1136 1317 1144 1330 ⁶
1161 1317 1200 1345 At
1226 1316 1277 1346 ubi
1302 1318 1341 1346 ad
1366 1318 1505 1348 decuria-

116 1355 177 1385 hoc
200 1356 270 1385 loeo
290 1355 498 1391 intercidisse,
514 1359 549 1384 ut
566 1365 649 1394 supr.
669 1364 716 1393 31.
737 1365 790 1384 an-
835 1358 928 1392 t1nn,'
951 1360 1011 1386 ete.
1059 1357 1139 1386 Vult
1171 1357 1265 1394 igitur
1297 1359 1407 1389 Livius
1436 1364 1504 1390 tum

115 1400 148 1427 te
161 1397 263 1436 Lipsii
280 1397 497 1427 coniecturam
515 1397 670 1433 defuerat,
683 1401 790 1427 censet
836 1397 973 1435 primum
988 1398 1106 1428 milites
1121 1409 1140 1428 a
1154 1399 1288 1430 tribunis
1304 1400 1505 1432 iureiurando

116 1438 257 1469 Gronov,
282 1439 336 1478 qui
364 1450 460 1469 naves
483 1449 562 1469 cxx.
587 1439 618 1468 in
643 1439 704 1469 hac
727 1442 788 1469 sta-
833 1440 973 1470 adactos.
1025 1441 1123 1476 Quod
1154 1445 1261 1471 autem
1292 1442 1386 1473 fuerit
1424 1444 1504 1475 illud

114 1480 201 1512 tione
214 1481 310 1512 fuisse
321 1481 511 1521 suspicatur,
522 1481 545 1511 si
557 1481 652 1511 modo
667 1482 789 1520 legatus
833 1480 1065 1519 iusiurandum,
1084 1482 1166 1512 infra
1189 1484 1371 1523 exponitur.
1417 1485 1504 1516 Nam

115 1523 258 1561 Otacilii,
269 1524 406 1563 quasilli
420 1524 624 1554 deducendas
635 1523 788 1553 Servilius
831 1523 873 1553 ad
897 1533 968 1553 eam
992 1524 1089 1562 diem,
1112 1524 1226 1564 inquit,
1251 1526 1294 1556 nil
1321 1527 1435 1565 fuerat,
1458 1529 1502 1558 nil

113 1565 296 1604 reliquerat,
327 1567 466 1596 Romam
497 1565 603 1595 adhuc
640 1575 703 1595 non
734 1566 786 1596 de-
832 1564 1018 1604 exigebatur
1046 1577 1066 1596 a
1095 1567 1263 1605 militibus,
1290 1573 1415 1607 praeter
1443 1572 1503 1600 sol-

113 1608 266 1639 duxisset.
302 1608 423 1639 Contra
435 1607 588 1647 Doering.
603 1617 713 1637 vocem
730 1618 786 1637 na-

112 1651 212 1687 vium,
229 1654 264 1680 ut
280 1660 365 1689 supr.
384 1659 433 1689 34.
454 1651 602 1687 militam,
623 1650 786 1680 abundare

112 1696 216 1731 putat.

153 1734 173 1764 8
195 1735 321 1765 Milites
345 1735 439 1772 tunc]
475 1733 581 1764 Locus
608 1733 783 1764 intricatus.

110 1775 220 1806 Primo
237 1776 322 1806 enim
339 1779 575 1806 sacramentum
596 1775 678 1806 illud
694 1777 783 1806 iussa

109 1820 274 1849 consulum
293 1823 513 1855 conventuros,
531 1829 634 1858 neque
656 1819 783 1849 iniussa

109 1861 263 1898 abituros,
289 1860 546 1900 antiquissimum
577 1864 636 1897 est,
662 1861 780 1890 nedum

108 1902 209 1933 hocce
245 1902 385 1942 primum
417 1906 563 1942 tempore
598 1902 781 1933 institutum

108 1944 169 1982 sit;
191 1944 322 1984 eiusque
337 1948 442 1975 exstat
457 1945 596 1975 formula
615 1944 781 1984 ipsissimis

108 1986 158 2017 his
174 1987 276 2017 verbis
297 1991 453 2026 concepta
468 1997 553 2026 supr.
570 1986 612 2017 iii.
631 1996 680 2017 20.
727 1987 779 2017 Se-

107 2029 214 2060 cundo
230 2039 293 2059 non
309 2029 500 2069 intelligitur
511 2029 587 2068 quid
604 2028 662 2059 sibi
680 2029 780 2059 velint

107 2071 187 2102 haec
217 2072 333 2102 verba:
365 2083 440 2102 nam
463 2072 507 2102 ad
530 2082 598 2102 eam
624 2072 706 2101 diem
732 2073 781 2101 nil

103 2118 236 2153 praeter
250 2118 484 2144 sacramentum
491 2115 619 2152 suerat.
665 2113 778 2148 Quod-

106 2165 181 2185 nam
206 2155 264 2186 erit
288 2156 348 2185 hoc
369 2159 616 2191 sacramentum,
634 2155 674 2184 ab
697 2155 777 2185 anti-

106 2207 171 2236 qua
195 2197 253 2228 illa
277 2198 417 2228 formula
442 2197 627 2228 diversum?
678 2197 777 2227 Deni-

106 2249 180 2278 que,
194 2249 293 2279 quum
315 2240 418 2279 primo
433 2239 581 2270 dicantur
598 2238 717 2269 milites
731 2239 776 2269 iu-

106 2281 274 2313 reiurando
290 2283 330 2312 ab
345 2282 481 2312 tribunis
496 2281 635 2312 militum
659 2282 776 2319 adacti,

105 2324 195 2353 iussn
210 2325 374 2354 consulum
385 2328 605 2359 conventuros,
615 2334 717 2363 neque
729 2325 775 2353 in-

106 2366 196 2395 iussu
211 2367 354 2396 abituros
367 2378 376 2401 ;
401 2370 523 2404 postea,
538 2365 593 2395 ubi
612 2375 660 2395 res
675 2365 775 2404 expli—

106 2411 207 2443 catur,
221 2407 309 2437 aliud
324 2407 544 2437 iusiurandum
560 2407 635 2437 huic
650 2407 775 2437 subiici—

105 2453 169 2486 tur,
189 2459 307 2488 nempe
321 2450 426 2487 fuyae
448 2454 479 2480 et
493 2449 681 2487 formidinis
703 2459 776 2487 eryo

106 2502 171 2522 non
189 2492 342 2527 abituros,
356 2495 412 2521 etc.
459 2490 522 2520 His
537 2494 584 2520 tot
600 2490 774 2520 incommo-

104 2533 155 2563 dis
181 2532 327 2562 videmur
353 2531 472 2562 mederi
500 2541 601 2571 posse,
627 2531 652 2561 si
680 2533 775 2562 verba

105 2575 191 2605 male
205 2574 338 2604 traiecta
359 2574 392 2604 in
415 2584 507 2604 suum
523 2573 775 2603 revocaverimus

106 2617 226 2654 iocum,
256 2616 317 2646 hoc
347 2616 452 2647 modo.
499 2614 657 2645 “Milites
686 2618 774 2651 tune,

104 2660 191 2698 quod
213 2668 379 2697 nunquam
401 2662 497 2688 antea
518 2657 640 2687 factum
661 2656 775 2693 fuerat,

105 2701 308 2731 iureiurando
330 2701 371 2730 ab
394 2698 530 2730 tribunis
553 2698 693 2729 militum
720 2699 773 2728 ad-

102 2743 177 2773 acti.
224 2743 313 2773 Nam
335 2743 377 2773 ad
399 2751 470 2772 eam
487 2740 572 2771 diem
588 2740 632 2770 nil
650 2744 774 2779 praeter

103 2788 341 2815 sacramentum
363 2784 478 2821 fuerat,
496 2783 582 2813 iussu
606 2783 774 2812 consulum

103 2830 328 2863 conventuros,
350 2836 455 2866 neque
479 2825 599 2855 iniussu
624 2824 773 2856 abituros.

163 2881 258 2908 VOL.
283 2881 327 2908 ΙΙ.

832 1607 928 1637 lenne
965 1608 1046 1638 illud
1084 1609 1220 1639 militiae
1257 1616 1503 1650 sacramentum,

831 1650 921 1679 iussu
951 1652 1117 1681 consulum
1149 1658 1371 1690 conventuros,
1401 1665 1503 1694 neque

829 1692 956 1722 iniussn
973 1694 1124 1723 abituros.
1161 1694 1203 1723 At
1219 1694 1292 1733 ipsi,
1308 1695 1361 1725 ubi
1379 1697 1502 1735 pedites

829 1733 861 1763 in
889 1734 1058 1772 centurias,
1082 1735 1204 1774 equites
1230 1736 1262 1766 in
1286 1738 1432 1768 decurias
1455 1748 1501 1769 or-

829 1776 930 1806 dinati
949 1777 1088 1815 fumant,
1106 1788 1163 1808 sua
1184 1779 1349 1810 voluntate
1368 1780 1450 1810 inter
1467 1791 1500 1811 se

827 1817 987 1855 iurabant,
1003 1829 1035 1849 se
1058 1820 1152 1859 fugae
1175 1824 1205 1850 et
1230 1821 1406 1852 formidinis
1427 1833 1500 1862 ergo

828 1870 891 1890 non
914 1860 1068 1898 abituros,
1089 1866 1148 1892 etc.
1196 1863 1270 1893 Hoc
1297 1863 1392 1903 igitur
1418 1864 1499 1895 illud

827 1906 874 1932 est
890 1902 1122 1941 iusiurandum,
1139 1915 1201 1944 quo
1218 1915 1303 1936 nunc
1324 1906 1463 1944 primum
1480 1918 1499 1937 a

825 1944 962 1975 tribunis
993 1945 1134 1976 militum
1168 1946 1358 1986 adiguntur:
1398 1959 1497 1987 quum

824 1991 920 2017 antea
940 1993 1137 2019 sacramento
1153 1991 1378 2027 tantummodo,
1395 1990 1497 2029 priseo

825 2028 880 2058 illo
897 2033 928 2059 et
944 2029 1092 2067 sollenni,
1103 2041 1123 2060 a
1139 2032 1278 2062 tribunis
1292 2037 1496 2071 royarentur,

824 2075 859 2100 ut
874 2071 919 2101 ait
936 2072 1110 2102 Frontinus
1126 2072 1261 2112 Strateg.
1275 2073 1315 2104 iv.
1332 2084 1356 2104 1.
1403 2074 1495 2105 Cete-

823 2123 892 2143 rum
920 2114 1005 2152 quod
1035 2113 1236 2153 suspicamur
1265 2115 1317 2145 hic
1348 2116 1494 2146 luxatum

823 2165 891 2185 esse
904 2156 1040 2185 duorum
1054 2156 1205 2186 orationis
1219 2158 1434 2188 membrorum
1448 2168 1494 2188 or-

823 2197 931 2227 dinem
949 2197 1033 2227 inter
1047 2207 1092 2234 se,
1108 2198 1139 2228 id
1159 2198 1275 2229 mirum
1298 2199 1336 2229 iis
1358 2210 1421 2229 non
1443 2210 1493 2230 ac-

823 2239 907 2269 cidet
930 2239 984 2278 qui
1008 2240 1109 2270 scient
1134 2240 1317 2272 huiusmodi
1341 2242 1493 2281 deprava-

822 2281 934 2318 tiones,
951 2286 981 2311 et
1001 2282 1159 2321 graviores
1174 2283 1284 2316 etiam.
1299 2284 1331 2313 in
1348 2284 1492 2322 complu-

821 2323 907 2353 ribus
936 2324 1073 2363 smiptis,
1099 2329 1129 2354 et
1156 2325 1188 2354 in
1216 2325 1338 2364 optimo
1364 2335 1492 2364 quoque

821 2365 877 2395 illo
898 2365 1034 2395 Putean.¹
1050 2366 1178 2405 reperiri
1193 2378 1199 2396 ε
1227 2377 1254 2397 v,
1269 2377 1298 2405 g.
1315 2371 1416 2396 totam
1433 2367 1490 2396 Sn-

822 2407 981 2437 cronensis
1013 2407 1177 2438 seditionis
1210 2408 1422 2438 narrationem
1459 2414 1489 2438 et

822 2449 961 2487 plurima
973 2459 1054 2487 quae
1067 2454 1253 2488 sequuntur,
1266 2460 1283 2479 e
1296 2451 1439 2480 XXVIII¹⁰
1454 2451 1489 2480 li-

819 2491 874 2519 bro
890 2490 922 2520 in
939 2491 1079 2520 xxrx‘um
1094 2491 1180 2520 male
1195 2492 1358 2522 translata.
1383 2492 1488 2522 Cnev.

821 2531 987 2561 Ernestius
999 2541 1072 2562 vero
1086 2532 1213 2562 Livium
1229 2532 1280 2562 hic
1296 2533 1489 2573 distinguere

820 2577 927 2603 censet
947 2573 1030 2603 inter
1050 2573 1272 2604 iusiurandum
1295 2576 1380 2605 ultro
1393 2575 1488 2614 iprae-

819 2615 941 2651 stitum,
971 2615 1057 2653 quod
1084 2619 1152 2645 erat
1180 2621 1427 2654 sacramentum,
1457 2623 1489 2648 et

819 2656 1009 2695 legitimum,
1024 2657 1065 2687 ad
1082 2658 1167 2696 quod
1188 2658 1307 2689 milites
1321 2669 1339 2689 a
1355 2659 1490 2689 tribunis

818 2698 1037 2737 adigebantur.
1068 2699 1221 2730 Ceterum
1233 2701 1273 2730 de
1285 2701 1415 2740 duplice
1430 2702 1488 2731 mi-

818 2740 911 2770 litum
934 2740 1148 2778 iureiurando,
1171 2742 1210 2772 cf.
1234 2743 1348 2782 Polyb.
1374 2743 1413 2774 vi.
1439 2753 1487 2774 21.

820 2791 868 2821 33-

1229 2881 1259 2907 H.
