1877 3178
156 189 198 221 U.
216 189 254 220 C.
277 195 348 228 537.

153 233 193 263 A.
217 232 256 262 C.
278 239 348 270 215.

154 418 295 449 Romani

153 461 237 490 trina
253 470 317 490 cas—

153 507 202 532 tra
219 503 341 533 Poeno-

154 554 224 574 rum
240 545 325 583 capi-

153 589 221 617 unt.

365 93 442 133 174
876 91 1023 133 ΤΙΤΙ
1061 89 1240 132 LIVII

361 178 511 221 eodem
541 180 680 221 animo
710 179 876 220 moenia
906 187 1152 227 tutarentur,
1186 194 1270 233 quo
1302 193 1376 234 pro
1409 194 1451 220 se
1484 188 1743 236 pugnantem

363 236 603 277 Romanum
639 237 868 277 exercitum
898 236 1110 284 vidissent,
1141 235 1194 276 ad
1229 245 1361 276 castra
1395 237 1576 277 maxima
1610 252 1743 292 oppu-

360 293 540 347 gnanda,
574 293 725 348 quibus
761 292 1000 333 Hasdrubal
1034 300 1234 347 praeerat,
1269 292 1439 333 ducunt.
1503 293 1665 334 Eodem
1701 302 1743 334 et

361 349 446 390 duo
486 349 625 398 duceS,
659 358 701 391 et
736 350 821 391 duo
856 350 1063 390 exercitus
1101 348 1525 404 Carthaginiensium,
1562 350 1619 390 ibi
1655 365 1742 390 rem

361 421 566 447 summam
593 406 659 462 agi
688 415 916 455 cernentes,
939 414 1234 446 convenerunt.
1297 405 1444 461 Itaque
1474 406 1690 461 eruptione
1719 422 1742 447 e

361 463 502 503 castris
523 471 754 518 pugnatum
775 471 847 503 est.
913 462 1138 518 Sexaginta
1165 462 1346 502 hostium
1375 462 1504 503 millia
1530 478 1580 503 eo
1605 463 1673 503 die
1699 464 1743 503 in

361 534 502 575 pugna
528 520 709 568 fuerunt,
738 520 949 560 sexdecim
977 519 1142 560 circiter
1170 519 1382 559 Romanis.
1444 519 1607 559 Tamen
1638 519 1743 560 adeo

361 576 474 616 haud
495 576 622 617 dubia
637 576 808 617 victoria
827 577 917 625 fuit,
935 584 981 616 ut
1001 576 1139 631 plures
1160 591 1347 625 numero,
1366 591 1491 630 quam
1513 576 1591 631 ipsi
1612 584 1742 625 erant,

362 632 544 674 Romani
575 633 757 673 hostium
791 633 1043 673 occiderint:
1077 633 1264 688 ceperint
1296 632 1472 688 amplius
1507 633 1583 672 tria
1615 632 1744 672 millia

360 689 592 738 hominum,
613 689 753 745 paullo
777 690 915 730 minus
943 689 1054 730 mille
1076 704 1293 744 equorum,
1316 689 1647 744 undesexaginta
1666 689 1744 729 mi-

361 745 496 786 litaria
515 747 643 801 signa,
666 755 826 801 septem
847 746 1103 802 elephantos,
1122 746 1309 802 quinque
1331 747 1374 786 in
1395 745 1553 801 proelio
1574 745 1741 786 occisis:

362 803 564 858 trinisque
604 803 745 843 castris
785 818 835 844 eo
870 803 938 843 die
973 803 1095 858 potiti
1131 811 1238 843 sunt.
1313 802 1492 857 Illiturgi
1528 802 1743 843 obsidione

360 858 546 908 liberato,
583 860 635 900 ad
671 859 830 900 Intibili
865 860 1193 915 oppugnandum
1229 860 1381 900 Punici
1417 859 1623 899 exercitus
1663 867 1744 899 tra-

361 915 489 964 ducti,
512 916 712 971 suppletis
742 917 872 971 copiis
902 931 955 956 ex
985 917 1208 971 provincia,
1232 924 1277 956 ut
1308 931 1413 971 quae
1445 916 1624 956 maxime
1656 930 1744 956 om-

361 973 479 1012 nium
509 973 607 1013 belli
638 973 768 1021 avida,
798 973 922 1013 modo
955 973 1109 1027 praeda
1141 981 1212 1013 aut
1244 987 1401 1013 merces
1434 982 1553 1021 esset,
1582 981 1624 1012 et
1654 980 1744 1012 tum

360 1029 577 1069 iuventute
610 1029 860 1069 abundante.
928 1029 1088 1069 Iterum
1120 1030 1247 1084 signis
1279 1028 1450 1077 collatis,
1485 1029 1631 1069 eadem
1663 1029 1744 1070 for-

361 1092 464 1124 tuna
495 1085 711 1139 utriusque
747 1086 873 1140 partis
907 1094 1150 1140 pugnatum.
1216 1085 1350 1140 Supra
1382 1085 1581 1125 tredecim
1615 1085 1745 1126 millia

361 1140 542 1180 hostium
584 1156 713 1189 caesa,
750 1156 874 1196 supra
908 1141 992 1181 duo
1033 1150 1165 1196 capta,
1202 1157 1296 1182 cum
1338 1142 1464 1196 signis
1500 1142 1661 1182 (luobus
1702 1151 1745 1183 et

361 1197 648 1251 quadraginta,
672 1206 713 1237 et
733 1212 884 1238 novem
906 1198 1148 1253 elephantis
1197 1198 1309 1238 Tum
1331 1213 1428 1238 vero
1450 1212 1594 1238 omnes
1614 1213 1743 1254 prope

363 1252 591 1308 Hispaniae
641 1254 785 1309 populi
835 1254 889 1294 ad
939 1254 1152 1295 Romanos
1201 1254 1468 1295 defecerunt:
1528 1254 1744 1309 multoque

362 1310 537 1351 maiores
558 1325 608 1351 ea
627 1318 781 1351 aestate
805 1311 847 1350 in
870 1310 1086 1366 Hispania,
1109 1326 1235 1366 quam
1256 1311 1299 1351 in
1322 1310 1454 1360 Italia,
1476 1325 1541 1351 res
1561 1319 1711 1366 gestae.
