1877 3178
144 191 188 223 U.
204 191 242 222 C.
265 191 336 231 548.

141 235 181 265 A.
205 234 244 265 C.
266 243 336 271 204.

143 357 176 388 It
193 357 280 396 Lily-

142 401 270 430 haeum.

151 2400 273 2439 Copiae
291 2411 344 2431 na-

151 2453 204 2472 ves
220 2453 291 2473 con-

151 2486 315 2516 scendunt.

344 96 427 134 486
858 91 1006 133 ΤΙΤΙ
1047 92 1225 134 LIVII

350 184 419 224 ‘in
447 183 587 224 animo
608 183 686 225 sibi
713 198 813 232 esse,
838 182 1089 239 Lilybaeum
1118 183 1244 224 classe
1273 183 1476 233 traducta,
1498 184 1732 240 eodemque

351 247 362 265 ‘
376 241 568 281 omnibus
584 241 774 296 peditum
792 240 1066 295 equitumque
1084 241 1213 296 copiis
1229 242 1463 290 contractis,
1479 257 1585 296 quae
1601 241 1735 297 prima

351 303 363 321 ‘
380 298 469 338 dies
489 312 654 338 cursum
677 297 851 338 navibus
880 296 1008 345 daret,
1032 297 1121 337 deis
1149 297 1256 338 bene
1283 298 1532 346 iuvantibus,
1554 298 1599 337 in
1620 298 1736 338 Afri-

353 360 469 395 ‘cam
497 354 710 394 t1·aiicere.’
770 353 931 394 Literas
962 353 1015 393 ad
1047 353 1108 394 M.
1128 354 1410 409 Pomponium
1440 354 1580 403 mittit,
1610 362 1669 403 ut,
1701 354 1735 394 si

353 411 393 452 ei
416 410 639 459 videretur,
667 410 917 465 Lilybaeum
946 410 1128 451 veniret:
1163 419 1208 451 ut
1239 411 1518 451 communiter
1547 410 1736 451 consule-

353 476 459 516 rent,
478 482 579 522 quas
600 467 860 522 potissimum
881 466 1079 521 legioncS,
1098 475 1140 507 et
1161 476 1364 522 quantum
1387 467 1567 508 militum
1588 481 1736 508 nume-

354 539 447 564 rum
468 525 512 563 in
534 524 721 564 Africam
739 524 956 564 traiiceret.
1019 523 1126 564 Item
1149 525 1305 564 circum
1327 539 1440 565 oram
1462 539 1629 569 omnem
1650 538 1737 564 ma-

353 581 533 621 ritimam
555 581 678 630 misit,
702 589 748 621 ut
768 594 892 620 naves
909 581 1121 621 onerariae
1143 581 1465 636 comprehensae
1487 580 1737 636 Lilybaeum

355 652 499 678 omnes
530 637 885 678 contraherentur.
951 637 1168 692 Quicquid
1198 637 1378 678 militum
1409 638 1661 692 naviumque
1691 637 1737 676 in

359 693 499 735 Sicilia
533 702 632 743 erat,
667 709 798 749 quum
834 693 1083 749 Lilybaeum
1115 694 1420 743 convenissent,
1453 702 1496 735 et
1526 709 1604 735 nec
1639 693 1737 734 urbs

356 750 669 791 multitudinem
698 750 929 799 hominum,
956 766 1034 791 nec
1059 760 1202 806 portus
1230 766 1355 791 naves
1388 759 1567 806 caperet,
1597 758 1738 791 tantus

356 807 549 848 omnibus
566 807 688 847 ardor
703 816 790 847 erat
811 807 855 846 in
872 807 1057 847 Africam
1076 808 1321 856 traiiciendi,
1340 816 1386 848 ut
1407 823 1492 848 non
1507 807 1559 848 ad
1580 807 1737 848 bellum

356 864 454 904 duci
470 864 724 912 viderentur,
742 863 814 904 sed
836 863 888 903 ad
905 872 1017 904 certa
1036 864 1231 905 victoriae
1246 865 1439 920 praemia.
1492 864 1736 919 Praecipue,

357 921 429 974 qui
452 921 702 974 superabant
723 935 775 960 ex
800 919 1014 960 Cannensi
1035 921 1234 970 exercitu,
1257 921 1421 970 milites,
1444 920 1528 970 illo,
1551 935 1636 961 non
1657 920 1738 960 alio

356 977 476 1025 duce,
494 976 731 1025 credebant,
750 984 897 1016 navata
917 977 1167 1031 reipublicae
1189 992 1326 1032 opera,
1341 978 1460 1018 finire
1482 992 1524 1018 se
1547 977 1738 1017 militiam

356 1033 676 1088 ignominiosam
697 1047 828 1088 posse.
892 1032 949 1073 Et
976 1033 1116 1088 Scipio
1138 1034 1309 1074 minime
1340 1034 1384 1074 id
1404 1049 1536 1090 genus
1558 1033 1739 1074 militum

356 1090 676 1144 aspernabatur:
710 1097 757 1129 ut
779 1089 851 1144 qui
872 1104 1009 1144 neque
1032 1090 1084 1130 ad
1109 1090 1278 1130 Cannas
1306 1090 1471 1145 ignavia
1491 1105 1634 1131 eorum
1656 1090 1738 1130 cla-

356 1146 453 1186 dem
483 1155 694 1200 acceptam
721 1146 855 1194 sciret,
878 1161 1017 1200 neque
1048 1146 1153 1187 ullos
1175 1162 1307 1201 acque
1336 1156 1495 1187 veteres
1522 1146 1674 1187 milites
1694 1146 1739 1186 in

357 1203 544 1243 exercitu
567 1203 759 1242 Romano
777 1218 877 1251 esse,
893 1211 1169 1258 expertosque
1183 1219 1268 1244 non
1284 1205 1406 1244 variis
1418 1203 1586 1259 proeliis
1599 1203 1737 1252 modo,

356 1259 429 1299 sed
463 1260 632 1300 urbibus
666 1259 789 1299 etiam
824 1259 1126 1314 oppugnandis.
1193 1260 1355 1307 Quinta
1386 1270 1429 1301 et
1469 1269 1587 1301 sexta
1625 1259 1739 1300 Can—

356 1331 506 1356 nenses
520 1326 637 1356 erant
650 1316 845 1370 legiones.
910 1316 991 1356 Eas
1007 1332 1048 1357 sc
1064 1317 1332 1357 traiecturum
1349 1317 1393 1357 in
1408 1317 1593 1358 Africam
1607 1331 1738 1372 quum

357 1373 542 1421 dixisset,
575 1373 758 1427 singulos
794 1372 946 1413 milites
980 1373 1184 1428 inspexit:
1229 1374 1480 1429 relictisque,
1512 1388 1617 1429 quos
1651 1387 1738 1413 non

356 1429 528 1470 idoneos
549 1430 756 1478 credebat,
780 1430 824 1469 in
852 1429 989 1470 locum
1012 1445 1157 1470 eorum
1188 1431 1376 1479 subiecit,
1399 1445 1503 1486 quos
1524 1445 1665 1471 secum
1686 1444 1739 1470 ex

356 1485 476 1527 Italia
497 1486 753 1534 adduxerat3
787 1486 1077 1542 supplevitque
1100 1487 1157 1527 ita
1177 1502 1244 1527 eas
1265 1487 1462 1542 legiones,
1484 1495 1532 1528 ut
1552 1486 1738 1542 singulae

358 1558 457 1583 sena
478 1543 607 1583 millia
634 1552 676 1583 et
704 1543 887 1584 ducenos
908 1543 1082 1598 pedites,
1106 1552 1294 1584 trecenos
1322 1544 1526 1585 haberent
1550 1544 1734 1599 equites:

358 1599 562 1639 sociorum
585 1600 684 1639 item
707 1600 849 1640 Latini
871 1600 1052 1640 nominis
1079 1600 1241 1656 pedites
1263 1601 1508 1656 equitesque
1537 1601 1590 1642 de
1620 1614 1741 1641 exer-

357 1655 443 1695 citu
468 1654 681 1695 Cannensi
702 1655 813 1710 legit.

419 1711 637 1759 Quantum
673 1712 852 1752 militum
889 1712 932 1751 in
970 1712 1156 1753 Africam
1193 1722 1516 1768 transportatum
1552 1714 1617 1763 sit,
1654 1728 1740 1754 non

358 1783 483 1824 parvo
505 1783 679 1808 numero
701 1768 810 1808 inter
830 1776 1018 1808 auctores
1039 1769 1256 1824 discrepat,
1305 1770 1422 1811 Alibi
1443 1771 1589 1811 decem
1610 1769 1741 1810 millia

357 1825 560 1880 peditum,
594 1824 678 1864 duo
711 1824 839 1864 millia
875 1833 916 1865 et
951 1824 1153 1865 ducentos
1188 1826 1362 1880 equiteS,
1397 1826 1495 1867 alibi
1527 1826 1739 1866 sexdecim

358 1881 488 1921 millia
509 1881 710 1936 peditum,
734 1881 844 1921 mille
867 1889 908 1921 et
929 1890 1146 1922 sexcentos
1167 1882 1354 1936 equites3
1387 1883 1485 1923 alibi
1509 1892 1625 1938 parte
1647 1882 1740 1938 plus

358 1938 533 1978 dimidia
564 1952 651 1977 rem
682 1947 859 1986 auctam,
892 1938 1080 1992 quinque
1113 1947 1155 1979 et
1187 1939 1357 1993 triginta
1389 1939 1518 1979 millia
1548 1939 1740 1994 peditum

358 1995 631 2049 equitumque
676 1994 721 2034 in
762 2009 888 2034 naves
930 1994 1122 2049 imposita
1166 1995 1345 2035 invenio.
1423 1995 1608 2043 Quidam
1653 2010 1740 2036 non

358 2051 546 2091 adiecere
575 2066 822 2091 numerum:
855 2051 965 2091 inter
992 2066 1096 2106 quos
1127 2066 1193 2092 me
1224 2052 1311 2106 ipse
1344 2052 1388 2091 in
1414 2067 1458 2093 re
1486 2052 1613 2093 dubia
1639 2052 1740 2108 poni

358 2108 510 2148 malim.
575 2107 757 2156 Coelius,
792 2116 839 2148 ut
874 2107 1052 2148 abstinet
1087 2123 1273 2157 numero,
1308 2109 1365 2149 ita
1399 2109 1452 2149 ad
1488 2109 1738 2149 immensum

358 2164 636 2204 multitudinis
665 2164 844 2220 speciem
873 2173 1008 2219 auget.
1071 2164 1272 2205 Volucres
1300 2165 1352 2205 ad
1381 2174 1531 2205 terram
1552 2165 1738 2221 delapsas

358 2221 536 2261 clamore
558 2221 736 2261 militum
758 2221 827 2269 ait,
851 2229 1093 2276 tantamque
1116 2221 1428 2262 multitudinem
1450 2222 1737 2262 conscendisse

357 2293 494 2326 naves,
529 2286 575 2318 111
610 2292 733 2318 nemo
769 2277 1017 2325 mortalium,
1053 2286 1124 2318 aut
1158 2278 1202 2318 in
1236 2277 1368 2327 Italia,
1402 2286 1473 2319 aut
1504 2279 1549 2319 in
1584 2278 1736 2329 Sicilia,

357 2334 538 2389 relinqui
558 2334 779 2375 videretur.

416 2391 578 2432 Milites
599 2399 646 2431 ut
667 2391 710 2431 in
726 2405 850 2431 naves
866 2390 1011 2431 ordine
1029 2405 1075 2431 ac
1092 2391 1179 2431 sine
1197 2391 1377 2432 tumultu
1396 2392 1736 2441 conscenderent,

356 2447 443 2502 ipsc
477 2463 567 2488 eam
600 2448 677 2487 sibi
713 2462 855 2488 curam
886 2448 1071 2503 sumpsit.
1135 2447 1337 2488 Nauticos
1376 2447 1425 2489 C.
1449 2448 1630 2499 Laelius,
1664 2448 1737 2504 qui

357 2504 494 2544 classis
515 2504 746 2559 praefectus
763 2512 862 2553 erat,
880 2504 925 2543 in
945 2504 1130 2553 navibus,
1150 2512 1245 2545 ante
1262 2505 1540 2546 conscendere
1558 2513 1734 2554 coactos,

357 2561 574 2601 continuit.
640 2560 909 2601 Commeatus
939 2561 1183 2616 imponendi
1213 2560 1273 2601 M.
1293 2561 1526 2616 Pomponio
1556 2561 1736 2618 praetori

357 2632 454 2657 cura
475 2617 594 2657 data:
619 2618 805 2672 quinque
827 2625 868 2657 et
884 2617 1158 2672 quadraginta
1178 2617 1340 2657 dierum
1362 2618 1525 2667 cibaria,
1544 2633 1566 2659 e
1584 2619 1735 2673 quibus

358 2673 597 2726 quindecim
619 2674 782 2714 dierum
803 2682 931 2722 cocta,
955 2674 1157 2729 imposita.
1222 2674 1282 2714 Ut
1310 2689 1453 2715 omnes
1480 2674 1563 2715 iam
1587 2675 1631 2715 in
1661 2689 1739 2715 na-

356 2729 473 2769 vibus
504 2738 631 2779 erant,
654 2730 824 2785 scaphas
855 2730 1136 2780 circummisit,
1163 2739 1209 2771 ut
1240 2746 1292 2771 ex
1326 2731 1499 2772 navibus
1528 2731 1734 2787 guberna-
