1871 3178
488 101 611 142 LlB.
646 102 813 142 XXIV.
861 102 1004 142 cAl'.
1039 107 1105 143 41.
1411 112 1491 149 219

111 193 210 233 urbe
237 193 325 233 sine
349 193 432 233 ullo
465 193 645 233 tumultu
677 208 874 246 egressus,
897 203 1028 232 castra
1051 193 1230 234 hostium
1263 196 1368 236 adeo
1392 213 1492 249 neg·
1514 209 1551 238 ι’.
1571 211 1607 239 ι’.
1632 210 1702 247 5³8·

109 249 216 290 lecta
245 259 369 305 atquc
401 261 542 305 aperta
574 247 751 299 intravit,
787 259 830 289 ut
860 250 957 290 satis
988 260 1208 299 constaret,
1232 253 1346 306 prius
1379 255 1490 295 mille
1509 253 1545 282 A.
1571 253 1607 281 ⁰·
1633 261 1703 288 ²¹4·

108 306 325 347 hominum
347 308 498 347 vallum
533 308 715 355 intrasse,
739 321 863 362 quam
893 307 1112 362 quisquam
1143 309 1336 349 sentiret:
1371 326 1431 359 ac,
1459 313 1491 351 si

108 364 235 404 caede
257 365 562 413 abstinuissent,
586 364 799 420 pervenire
822 364 872 404 ab
899 365 1210 405 tabernaculum
1237 366 1396 421 regium
1419 383 1493 423 po-

109 421 245 462 tuisse.
311 422 473 462 (laedes
491 422 772 477 proximorum
796 430 936 476 portae
954 422 1151 463 excitavit
1174 420 1322 464 hostes.
1387 424 1491 465 Inde

76 492 95 523 9
111 487 248 518 tantus
272 489 400 519 terror
421 494 627 534 pavorque
650 493 793 519 omncs
815 479 1044 533 occupavit,
1069 488 1115 519 ut
1136 495 1219 520 non
1243 480 1367 521 modo
1389 481 1492 522 alius

108 536 327 591 quisquam
343 552 456 576 arma
469 544 646 591 caperet,
663 544 733 575 aut
748 535 889 575 castris
906 535 1057 590 pellere
1078 536 1234 577 hostem
1251 548 1490 587 conaretur3

108 592 180 633 sed
202 594 326 633 ctiam
351 594 436 649 ipse
458 608 542 642 rex,
565 593 671 632 sicut
692 607 837 633 somno
851 593 1012 633 excitus
1034 604 1133 643 erat,
1157 609 1284 650 prope
1308 596 1492 636 seminu—
1509 603 1650 651 l'hilippi

107 649 185 690 dus
206 650 380 703 fugiens,
405 650 521 689 militi
553 665 733 705 quoquc,
757 649 913 689 nedum
935 651 1035 706 regi,
1059 651 1127 691 viX
1151 652 1302 692 decoro
1332 653 1489 703 habitu,
1505 647 1587 683 ΜΨ·

107 707 160 747 ad
176 704 332 748 flumen
355 722 561 762 navesque
578 707 814 762 perfugerit.
880 706 1040 748 Eodem
1063 718 1104 749 ct
1126 708 1204 749 alia
1221 710 1342 751 turba
1363 712 1492 751 effusa

107 774 180 804 cst.
244 764 389 805 Paullo
411 764 547 804 minus
577 764 654 804 tria
675 763 803 804 millia
825 764 1004 805 militum
1034 766 1076 805 in
1098 767 1240 807 castris
1265 777 1337 808 aut
1357 778 1490 823 capta,

107 831 179 861 aut
207 822 362 862 occisa:
396 821 489 877 plus
512 831 649 861 tamen
678 821 896 862 hominum
917 822 1131 877 aliquanto
1162 833 1342 879 captum,
1366 841 1491 881 quam

106 893 284 927 caesum,
306 888 378 919 est.
444 878 601 919 Castris
624 878 808 933 direptiS,
835 879 1124 934 Apolloniatae
1148 881 1387 937 catapultas,
1406 882 1493 923 bal-

106 935 229 984 listas,
263 945 553 991 tormentaque
594 935 685 985 alia,
720 951 827 991 quae
861 938 1165 992 oppugnandae
1197 939 1288 979 urbi
1325 955 1492 995 compa-

106 1001 194 1033 rata
229 1002 360 1041 erant,
393 993 445 1033 ad
478 993 635 1033 tuenda
671 994 848 1041 moenia,
880 994 913 1034 si
945 995 1113 1049 quando
1150 996 1294 1036 similis
1325 997 1492 1038 fortuna

105 1050 295 1098 venisset,
327 1050 596 1106 Apolloniam
627 1050 854 1091 devexere:
889 1061 1026 1092 cetera
1055 1053 1189 1093 omnis
1220 1054 1375 1108 praeda
1404 1070 1490 1095 cas-

105 1115 260 1147 trorum
288 1107 489 1148 Romanis
510 1122 704 1148 concessa
725 1117 797 1148 est.
862 1107 980 1149 Haec
1002 1125 1131 1164 quum
1157 1110 1330 1151 Oricum
1353 1122 1490 1152 essent

105 1165 308 1213 nuntiata,
333 1164 393 1205 M.
414 1164 604 1205 Valerius
625 1164 795 1205 classem
818 1165 1029 1221 extemplo
1058 1167 1110 1206 ad
1133 1167 1284 1207 ostium
1307 1168 1489 1208 fluminis

105 1220 239 1269 duxit,
254 1237 306 1262 nc
330 1222 503 1262 navibus
525 1237 735 1276 capessere
757 1222 897 1277 fugam
919 1238 990 1262 rex
1009 1233 1155 1278 posset.
1221 1224 1370 1280 Itaque
1389 1225 1489 1265 Phi-

106 1277 255 1333 lippuS,
289 1294 425 1333 neque
458 1279 651 1326 terrestri,
684 1294 822 1333 neque
854 1279 987 1319 navali
1019 1281 1244 1322 certamine
1275 1282 1370 1322 satis
1401 1283 1487 1324 fore

78 1354 89 1374 1
106 1350 244 1390 parem
268 1352 309 1376 sc
326 1335 470 1384 fidens,
485 1335 698 1376 subductis
720 1346 788 1376 aut
807 1336 987 1377 incensis
1008 1338 1194 1387 navibus,
1215 1348 1322 1379 terra
1344 1339 1485 1380 Macc-

105 1392 273 1432 doniam
304 1393 438 1448 petiit,
461 1408 610 1448 magna
630 1408 681 1433 cx
703 1402 817 1447 parte
840 1393 988 1434 inermi
1006 1395 1193 1435 exercitu
1214 1396 1483 1452 spoliatoque.

107 1449 297 1490 Romana
318 1450 456 1490 classis
477 1465 571 1490 cum
595 1449 655 1490 M.
679 1450 843 1491 Valerio
867 1450 981 1492 Orici
1004 1452 1247 1492 hibernavit.

164 1506 325 1547 Eodem
348 1523 457 1548 anno
483 1508 525 1547 in
549 1507 753 1562 Hispania
774 1507 883 1547 varie
906 1523 968 1548 res
989 1518 1140 1563 gestae.
1204 1508 1329 1559 Nam,
1352 1511 1485 1566 prius-
1561 1513 1628 1550 41.

104 1579 230 1619 quam
263 1564 443 1605 Romani
473 1579 638 1604 amnem
670 1563 839 1604 Iberum
871 1566 1104 1614 transirent,
1127 1566 1318 1621 ingentes
1346 1569 1484 1623 copias
1501 1567 1693 1614 ¹³⁰⁵,5¹¹¹¹5⁵·

107 1621 389 1677 Hispanorum
422 1621 550 1676 BIago
581 1630 623 1661 et
655 1620 892 1661 Hasdrubal
922 1622 1142 1663 fuderunt:
1182 1623 1482 1681 defecissetque
1498 1620 1593 1681 {12⁸²
1609 1622 1676 1649 140³-

104 1679 155 1719 ab
178 1679 379 1719 Romanis
401 1678 571 1718 ulterior
600 1677 817 1733 Hispania,
840 1679 883 1719 ni
905 1679 951 1720 P.
975 1680 1210 1730 Cornelius,
1233 1682 1382 1737 raptim
1405 1693 1485 1724 tra—
1552 1676 1558 1682 ’

104 1735 230 1777 ducto
251 1736 436 1776 exercitu
465 1735 645 1784 Iberum,
669 1736 805 1776 dubiis
826 1737 1031 1777 sociorum
1060 1738 1207 1779 animis
1228 1739 1271 1778 iu
1298 1748 1483 1795 tempore

103 1793 346 1834 advenisset.
409 1793 550 1833 Primo
579 1793 632 1833 ad
666 1793 859 1834 Castrum
881 1793 1040 1835 Album
1068 1795 1202 1849 (locus
1224 1805 1284 1837 est
1311 1796 1485 1852 insignis

103 1850 230 1891 caede
271 1851 410 1906 magni
448 1850 716 1902 Hamilcaris)
751 1860 881 1891 castra
916 1851 1097 1892 Romani
1137 1852 1328 1894 habuere.
1393 1855 1484 1895 Arx

74 1926 90 1946 2
104 1916 192 1948 erat
213 1908 383 1956 munita,
403 1918 443 1948 et
458 1917 737 1948 convexerant
753 1917 848 1948 ante
865 1908 1132 1950 frumentum.
1196 1910 1370 1960 Tamen,
1387 1912 1485 1967 quia

103 1965 243 2005 omnia
263 1965 371 2006 circa
392 1965 572 2005 hostium
594 1964 718 2020 plena
738 1974 867 2014 erant,
890 1981 1123 2022 agmenque
1147 1967 1386 2009 Romanum
1408 1969 1485 2009 im-

102 2036 214 2077 pune
245 2022 498 2063 incursatum
530 2023 580 2063 ab
611 2022 821 2077 equitibus
852 2023 1033 2064 hostium
1063 2024 1209 2073 fuerat,
1242 2034 1284 2065 et
1313 2026 1366 2065 ad
1400 2026 1483 2067 duo

104 2078 244 2129 millia,
267 2089 338 2120 aut
366 2088 617 2120 moratorum
643 2088 713 2120 aut
738 2079 968 2134 palantium
999 2096 1073 2136 per
1100 2097 1230 2137 agros,
1253 2082 1482 2132 interfecta,

103 2151 260 2177 cessere
291 2137 389 2178 inde
423 2137 603 2177 Romani
634 2137 802 2192 propius
832 2146 977 2193 pacata
1008 2138 1109 2187 loca,
1142 2148 1183 2179 et
1214 2139 1266 2179 ad
1298 2149 1484 2180 montem

104 2192 313 2235 Victoriae
335 2203 466 2235 castra
489 2194 809 2234 communivere.
874 2194 937 2235 Eo
962 2194 1041 2235 Cn.
1065 2194 1204 2251 Scipio
1233 2211 1326 2237 cum
1350 2197 1484 2237 omni-

104 2249 181 2289 bus
201 2251 341 2306 copiis,
363 2262 405 2292 et
428 2251 663 2292 Hasdrubal
688 2250 885 2306 Gisgonis
906 2251 1027 2302 filius,
1052 2253 1196 2293 tertius
1220 2252 1485 2310 Carthagini-

147 2382 167 2411 9
194 2373 236 2403 lft
259 2383 321 2402 non
343 2374 445 2411 modo]
476 2374 627 2404 Continet
652 2374 703 2404 hic
727 2375 769 2404 lo-

106 2424 161 2444 cus
190 2415 405 2444 anacoluthon
433 2416 605 2454 quoddam,
632 2426 704 2446 cum
733 2427 771 2447 ne

105 2457 242 2496 quidem,
272 2467 366 2495 quam
404 2457 604 2496 negationem
637 2459 770 2487 alteram

814 2376 869 2405 sed
883 2376 1078 2407 deterritum.
1127 2378 1204 2413 Quo
1221 2377 1349 2416 quidem
1366 2377 1397 2407 in
1414 2379 1485 2408 loco

815 2417 930 2447 omissa
953 2419 1078 2457 negatio
1103 2419 1181 2449 latet
1204 2420 1234 2449 in
1259 2430 1334 2449 voce
1354 2421 1484 2451 deterri-

815 2464 891 2488 tum.
918 2460 1041 2491 RASCH.

106 2502 177 2537 post
198 2510 261 2529 non
282 2501 366 2529 morlo
383 2504 601 2538 expectamus,
616 2500 771 2529 affirmate

105 2551 288 2580 expressum
313 2541 353 2570 sit
377 2551 432 2580 per
453 2542 507 2571 sed
528 2543 632 2572 etiam.
678 2543 769 2572 Cete-

106 2593 174 2612 rum
199 2583 223 2613 si
247 2583 438 2613 sententiam
459 2584 623 2613 verborum
649 2588 770 2622 specta-

105 2635 186 2663 mus,
209 2626 289 2655 illud
312 2626 487 2665 perfuyere
510 2626 552 2654 acl
567 2628 694 2663 flantem.
717 2636 770 2655 mz-

105 2678 218 2708 vesque
247 2667 329 2698 hanc
360 2667 603 2706 comprehendit
633 2667 771 2706 negatio-

104 2720 190 2747 nem,
206 2721 247 2740 sc.
269 2720 309 2740 ne
331 2720 436 2749 regem
461 2710 589 2749 quidem
613 2720 700 2739 arma
724 2720 770 2739 ce-

106 2752 198 2791 pisse,
224 2757 278 2782 aut
306 2762 432 2782 suorum
465 2752 621 2791 praesidio
650 2757 770 2782 tectum

105 2805 180 2824 esse.
226 2794 379 2825 Similiter
394 2794 462 2825 Cic.
478 2795 517 2825 ad
535 2795 599 2824 Att.
616 2794 646 2824 ii.
668 2804 692 2824 1.
710 2805 772 2824 non

106 2838 190 2868 modo
216 2838 385 2868 civitatum
411 2848 474 2868 csse
498 2838 539 2868 (td
562 2838 773 2875 scribcndwn,

862 2511 872 2530 1
891 2503 1059 2531 Subductis
1072 2508 1129 2532 aut
1146 2504 1297 2540 incensis]
1316 2504 1485 2535 Subductis

815 2548 909 2582 atque
932 2544 1079 2580 incensis,
1095 2548 1223 2574 auctore
1241 2545 1385 2582 Dukero,
1401 2556 1484 2577 rece-

817 2584 863 2623 pit
883 2584 1021 2615 Bekker.

866 2635 880 2655 2
907 2627 1128 2658 Conveoeerant
1158 2634 1232 2659 ante
1261 2630 1482 2671 frumentum]

818 2668 1000 2698 Romanine
1023 2680 1061 2699 an
1079 2670 1356 2710 Carthaginienses
1378 2683 1483 2704 arcem

816 2710 1023 2749 possederint,
1061 2712 1184 2742 dubitat
1216 2714 1366 2744 Glarean.
1421 2716 1484 2747 Sed

816 2763 854 2782 ex
871 2754 1015 2791 sequenti
1031 2759 1137 2786 tamen
1149 2755 1362 2795 colligendum
1376 2757 1484 2794 videri,

818 2795 982 2868 {mimos
1014 2806 1118 2827 arcem
1158 2798 1344 2837 possedisse,
1376 2807 1482 2832 monet

853 2848 884 2867 ra
899 2839 983 2869 'enb.
