1877 3178
397 91 478 129 506
902 88 1048 130 ΤΙΤΙ
1090 89 1266 131 LIVII

192 184 235 214 U.
252 184 290 215 C.
314 190 384 223 549.
397 176 547 231 passim
588 177 703 219 nullo
736 178 895 227 ordine,
933 178 1117 233 quidam,
1154 188 1199 219 ut
1234 179 1323 220 sine
1356 179 1530 234 imperio
1567 180 1777 236 occupatis

191 226 230 256 Α·
252 226 290 257 C·
314 233 510 283 ²03·locis,
533 243 652 275 extra
670 235 818 276 fossam
844 235 970 275 etiam
991 235 1228 291 vallumque
1252 235 1503 276 habitabant.
1567 236 1685 277 Haec
1713 252 1777 277 re-

266 358 306 395 4.

398 290 480 331 lata
503 290 687 346 Scipioni
715 306 831 347 spem
858 291 1041 332 fecerant
1061 301 1192 333 castra
1212 292 1396 333 hostium
1422 307 1497 349 per
1518 293 1777 333 occasionem

395 346 662 388 incendendi.
726 350 836 390 Cum
856 348 1014 403 legatis,
1037 364 1141 404 quos
1162 349 1346 389 mitteret
1366 349 1417 389 ad
1443 348 1689 405 Syphacem,
1711 364 1778 390 ca-

395 404 539 445 lonum
560 404 651 445 loco
672 405 826 460 primos
847 405 1013 446 ordines
1038 414 1244 461 spectatae
1264 406 1429 446 virtutis
1449 414 1574 461 atque
1594 406 1777 462 pruden-
1790 418 1809 450 6

396 461 477 501 tiae
509 461 645 502 servili
675 462 820 502 habitu
850 463 1066 511 mittebat3
1105 463 1189 517 qui,
1219 462 1320 503 dum
1347 462 1389 502 in
1419 462 1627 517 colloquio
1651 462 1777 518 legati

397 527 546 567 essent,
568 518 661 573 vagi
688 533 762 574 per
786 527 928 568 castra,
951 519 1054 559 alius
1083 519 1174 569 alia,
1205 519 1341 560 aditus
1369 519 1589 574 exitusque
1619 534 1775 568 omnes,

396 574 522 614 situm
552 574 809 630 formamque
841 585 883 616 et
918 576 1202 616 universorum
1234 584 1473 625 castrorum,
1505 584 1547 617 et
1581 576 1775 631 partium,

397 646 480 685 qua
500 630 647 680 Poeni,
665 647 748 687 qua
770 631 981 673 Numidae
998 632 1211 681 haberent,
1227 641 1430 688 quantum
1447 632 1653 673 intervalli
1668 633 1778 673 inter
1792 650 1809 682 7

398 686 671 728 Hasdrubalis
687 704 733 729 ac
754 689 867 743 regia
883 697 1014 729 eastra
1030 699 1148 738 esset,
1166 689 1500 745 specularentur:
1534 704 1776 744 moremque

397 744 519 784 simul
540 754 760 785 noscerent
785 746 1009 786 stationum
1038 746 1379 800 vigiliarumque:
1413 754 1549 794 nocte,
1572 761 1625 786 an
1649 746 1778 786 inter·-

396 800 469 841 diu
491 802 807 856 opportuniores
832 802 1044 842 insidianti
1066 812 1213 843 essent.
1277 803 1333 843 Et
1353 803 1463 843 inter
1489 803 1632 843 crebra
1651 802 1778 843 collo-

397 857 496 912 quia
522 858 591 897 alii
619 866 742 912 atque
771 858 841 898 alii
866 858 917 898 de
951 859 1166 908 industria,
1189 875 1272 914 quo
1299 859 1487 915 pluribus
1514 859 1655 899 omnia
1678 867 1778 900 nota

396 923 545 962 essent,
572 914 852 954 mittebantur.
919 915 1062 962 Quum
1094 917 1256 970 saepius
1283 916 1437 971 agitata
1466 931 1529 956 res
1557 916 1777 956 certiorem

396 984 513 1024 spem
534 970 646 1025 pacis
663 970 707 1009 in
723 971 812 1010 dies
833 979 874 1010 et
899 970 1079 1026 Syphaci
1101 980 1143 1012 et
1159 972 1573 1027 Carthaginiensibus
1589 987 1663 1028 per
1679 987 1776 1012 eum

395 1026 574 1075 faceret3
608 1026 734 1081 legati
758 1027 939 1067 Romani
963 1034 973 1050 ⁶
989 1028 1137 1068 vetitos
1158 1043 1200 1068 se
1222 1029 1372 1068 reverti
1394 1029 1446 1068 ad
1467 1028 1776 1084 imperatorem’

395 1083 523 1131 aiunt,
558 1083 661 1123 ‘nisi
692 1092 852 1124 certum
887 1099 1131 1139 responsum
1167 1085 1300 1125 detur.
1363 1085 1558 1134 Proinde,
1590 1100 1664 1126 seu
1698 1085 1808 1140 ipsi8

398 1145 546 1180 ‘staret
574 1140 654 1179 iam
684 1140 901 1189 sententia,
925 1156 998 1181 seu
1031 1141 1311 1182 consulendus
1341 1141 1579 1182 Hasdrubal
1600 1150 1643 1182 et
1673 1140 1778 1182 Car-

397 1202 408 1219 ‘
423 1196 702 1251 thaginienses
727 1206 876 1246 essent,
900 1198 1145 1238 consuleret.
1209 1198 1396 1254 Tempus
1417 1213 1516 1246 csse,
1539 1208 1610 1239 aut
1630 1213 1776 1254 pacem

397 1258 407 1275 ⁶
423 1254 630 1308 componi,
654 1262 725 1294 aut
745 1254 900 1295 bellum
922 1255 1083 1295 naviter
1102 1255 1216 1310 geri.'
1276 1255 1391 1295 Dum
1413 1255 1642 1296 consulitur
1668 1255 1774 1296 Has-

394 1309 541 1350 drubal
558 1310 609 1350 ab
629 1310 832 1366 Syphace,
850 1312 901 1352 ab
925 1311 1185 1352 Hasdrubale
1206 1311 1594 1367 Carthaginienses3
1627 1320 1670 1352 et
1685 1327 1778 1367 spe-

394 1366 597 1408 culatores
618 1368 758 1408 omnia
778 1368 951 1417 visendi,
974 1377 1016 1409 et
1046 1368 1185 1424 Scipio
1207 1369 1260 1409 ad
1281 1369 1559 1424 comparanda
1586 1384 1646 1418 ea,
1669 1384 1776 1424 quae

394 1423 437 1462 in
459 1438 546 1464 rem
567 1434 697 1473 erant,
721 1433 884 1480 tempus
904 1425 1060 1466 habuit.
1124 1425 1180 1466 Et
1202 1441 1253 1466 cx
1274 1426 1487 1466 mentione
1504 1440 1550 1466 ac
1571 1440 1642 1481 spe
1664 1425 1777 1481 pacis

394 1480 660 1536 negligentia,
684 1490 730 1521 ut
750 1482 809 1530 fit,
828 1482 939 1537 apud
961 1482 1124 1523 Poenos
1147 1481 1462 1537 Numidamque
1485 1491 1573 1523 orta
1589 1482 1776 1531 cavendi,

394 1551 447 1577 ne
469 1538 573 1591 quid
602 1538 749 1579 hostile
772 1539 940 1579 interim
968 1548 1221 1594 paterentur.
1284 1539 1478 1579 Tandem
1508 1539 1684 1580 relatum
1712 1554 1778 1579 re-

394 1608 603 1647 sponsum,
634 1594 896 1649 quibusdam,
926 1597 1025 1651 quia
1051 1596 1174 1636 nimis
1205 1611 1355 1651 cupere
1386 1596 1601 1637 Romanus
1630 1611 1776 1651 pacem

394 1649 623 1699 videbatur,
646 1652 801 1705 iniquis
821 1667 896 1706 per
916 1653 1174 1693 occasionem
1196 1653 1367 1694 adiectis
1380 1669 1390 1701 3
1424 1668 1529 1708 quae
1551 1668 1808 1708 peroppor-9

395 1716 494 1746 tune
526 1708 712 1762 cupienti
741 1708 882 1748 tollere
911 1709 1093 1749 indutias
1127 1709 1311 1764 Scipioni
1341 1725 1505 1750 causam
1536 1710 1774 1765 praebuere.

396 1763 461 1803 Ac
483 1764 632 1804 nuntio
660 1764 780 1819 regiS,
803 1780 932 1819 quum
955 1765 1179 1805 relaturum
1201 1781 1243 1805 sc
1272 1766 1324 1806 ad
1352 1766 1570 1806 consilium
1591 1766 1776 1815 dixisset,

394 1828 558 1874 postero
588 1820 656 1861 die
685 1821 910 1876 respondit,
946 1828 956 1845 ‘
976 1821 1028 1862 Se
1058 1837 1141 1862 uno
1162 1822 1312 1862 frustra
1339 1822 1552 1871 tendente,
1574 1822 1679 1863 nulli
1707 1822 1777 1863 alii

396 1882 407 1899 ‘
424 1891 568 1932 pacem
597 1877 810 1932 placuisse.
874 1878 1153 1919 Renuntiaret
1173 1879 1311 1934 igitur,
1334 1879 1492 1919 nullam
1517 1879 1639 1920 aliam
1660 1894 1776 1934 spem

396 1933 543 1988 ‘pacis,
567 1949 691 1988 quam
721 1935 874 1975 relictis
905 1935 1332 1990 Carthaginiensibus,
1359 1935 1539 1992 Syphaci
1567 1951 1663 1976 culn
1690 1936 1777 1977 Ro-

396 1996 407 2012 ‘
425 1990 555 2030 manis
583 1992 697 2031 csse.⁹
757 1991 822 2032 Ita
843 1991 951 2032 tollit
972 1992 1167 2040 indutias,
1191 2001 1237 2033 ut
1258 1992 1388 2033 libera
1408 1992 1489 2033 fide
1518 1993 1684 2048 incepta
1704 2008 1777 2034 ex-

394 2056 659 2101 sequeretur:
693 2048 968 2104 deductisque
994 2049 1167 2089 navibus
1187 2049 1250 2104 (et
1277 2050 1359 2089 iam
1386 2049 1492 2090 veris
1522 2050 1777 2106 principium

394 2103 501 2158 erat)
522 2104 733 2145 machinas
755 2114 1057 2161 tormentaque,
1081 2106 1194 2147 velut
1221 2121 1245 2146 a
1265 2106 1367 2146 mari
1394 2121 1658 2161 aggressurus
1681 2106 1778 2147 Uti-

395 2175 499 2209 cam,
514 2161 701 2216 imponit.
766 2162 821 2202 Et
843 2163 926 2203 duo
948 2163 1076 2203 millia
1093 2163 1272 2203 militum
1294 2163 1347 2203 ad
1367 2163 1630 2218 capiendum,
1649 2178 1776 2219 quem

395 2225 518 2258 antea
539 2226 741 2268 tenuerat,
764 2219 972 2259 tumulum
994 2235 1117 2275 super
1140 2220 1307 2260 Uticam
1331 2220 1479 2260 mittit:
1514 2220 1637 2260 simul
1658 2229 1704 2261 ut
1724 2221 1775 2261 ab

395 2289 457 2323 eo,
481 2275 593 2330 quod
615 2277 796 2331 parabat,
819 2276 862 2316 in
883 2276 1051 2317 alterius
1072 2276 1131 2317 rei
1152 2291 1293 2317 curam
1314 2285 1573 2318 converteret
1594 2277 1775 2318 hostium

396 2426 567 2465 praecipue
585 2427 700 2466 passim
723 2429 812 2457 nullo
834 2428 943 2458 ordine
962 2430 1061 2459 hiber·
1107 2430 1170 2459 duo
1196 2430 1288 2469 primi
1316 2430 1485 2470 principes,
1505 2432 1568 2461 duo
1590 2431 1684 2470 primi
1705 2432 1775 2462 has-

395 2470 521 2498 maculis
536 2470 692 2499 arundine
708 2470 815 2506 textis,
828 2481 899 2508 pars
911 2471 1062 2505 maxima,
1107 2472 1174 2502 tati.
1201 2473 1351 2503 GRoNov.

396 2510 557 2549 (plerique
578 2510 704 2551 eorum)
725 2516 828 2542 storea.
849 2523 975 2551 quoque
998 2516 1061 2542 tec·
1153 2522 1168 2552 7
1193 2516 1265 2551 Qua
1300 2516 1463 2546 Numidae
1499 2515 1667 2554 haberent]
1704 2518 1774 2546 Ha-

396 2552 674 2590 tis,}1abita1›ant;
696 2554 826 2592 quidam
843 2558 934 2584 extra
950 2556 1063 2584 fossam
1109 2557 1180 2587 bere
1208 2567 1264 2595 pro
1288 2558 1434 2588 hahitare
1460 2557 1522 2587 dici
1549 2557 1776 2588 animadvertit

396 2594 491 2624 etiam
511 2596 706 2633 vallumque,
724 2600 759 2625 ut
779 2596 810 2625 in
834 2597 910 2626 locis
925 2597 992 2626 sine
1008 2597 1063 2626 ini-
1111 2598 1276 2628 Drakenb.
1298 2609 1382 2638 supr.
1404 2600 1489 2629 xxvi.
1514 2609 1562 2638 34.
1584 2599 1654 2631 infr.
1674 2600 1775 2631 xxxii.

397 2636 483 2674 perio
514 2637 686 2676 occupatis.
741 2641 852 2668 ιδ’ίονεα
883 2639 1018 2669 efficitur
1047 2649 1065 2669 e
1114 2650 1158 2678 14.
1184 2641 1222 2670 cf.
1241 2640 1308 2671 Cic.
1324 2641 1385 2679 Ep.
1403 2642 1443 2671 ad
1461 2641 1585 2672 Divers.
1603 2642 1654 2672 vii.
1671 2641 1700 2673 6.

398 2679 502 2715 palea,
519 2680 567 2708 vel
585 2680 660 2709 ulva
676 2683 775 2710 texta.
800 2681 905 2711 CREv.
1152 2683 1169 2711 S
1192 2684 1256 2713 Seu
1286 2684 1348 2721 ipsi
1377 2688 1477 2714 staret
1505 2685 1569 2714 iam
1597 2685 1771 2722 sententia]

438 2719 457 2748 6
480 2722 607 2750 Primos
633 2723 775 2760 ordines]
809 2724 913 2752 Primi.
939 2725 1064 2754 ordines
1109 2724 1243 2763 Supple,
1260 2735 1446 2763 responsum
1463 2726 1561 2756 daret.

400 2764 503 2789 vetere
520 2762 634 2792 militia
650 2768 739 2794 erant>
754 2775 808 2794 sex
827 2764 999 2803 primorum
1017 2776 1062 2794 or-
1149 2776 1168 2805 c)
1192 2767 1334 2806 [niquis]
1353 2778 1394 2797 se.
1409 2767 1667 2804 Conditionibus,
1678 2778 1774 2807 quam

398 2801 507 2831 <linum
532 2805 750 2835 centuriones:
786 2807 847 2836 duo
875 2807 967 2845 primi
996 2807 1063 2845 pili,
1110 2818 1218 2839 vocem
1236 2809 1364 2847 quidam
1382 2810 1465 2840 male
1482 2809 1690 2841 inseruerunt.
